%YAML 1.1
%TAG !u! tag:unity3d.com,2011:
--- !u!1001 &100100000
Prefab:
  m_ObjectHideFlags: 1
  serializedVersion: 2
  m_Modification:
    m_TransformParent: {fileID: 0}
    m_Modifications: []
    m_RemovedComponents: []
  m_SourcePrefab: {fileID: 0}
  m_RootGameObject: {fileID: 1923600989584910}
  m_IsPrefabAsset: 1
--- !u!1 &1019437671870452
GameObject:
  m_ObjectHideFlags: 0
  m_CorrespondingSourceObject: {fileID: 0}
  m_PrefabInternal: {fileID: 100100000}
  serializedVersion: 6
  m_Component:
  - component: {fileID: 4619297419915908}
  - component: {fileID: 212705691392877872}
  - component: {fileID: 61123752348710458}
  - component: {fileID: 114711079661048860}
  m_Layer: 0
  m_Name: Spike
  m_TagString: Untagged
  m_Icon: {fileID: 0}
  m_NavMeshLayer: 0
  m_StaticEditorFlags: 0
  m_IsActive: 0
--- !u!1 &1157922533887892
GameObject:
  m_ObjectHideFlags: 0
  m_CorrespondingSourceObject: {fileID: 0}
  m_PrefabInternal: {fileID: 100100000}
  serializedVersion: 6
  m_Component:
  - component: {fileID: 4646954008309508}
  - component: {fileID: 212268298814073118}
  - component: {fileID: 60921399156570670}
  - component: {fileID: 114922527252837616}
  m_Layer: 0
  m_Name: spike (4)
  m_TagString: Untagged
  m_Icon: {fileID: 0}
  m_NavMeshLayer: 0
  m_StaticEditorFlags: 0
  m_IsActive: 1
--- !u!1 &1172690410104910
GameObject:
  m_ObjectHideFlags: 0
  m_CorrespondingSourceObject: {fileID: 0}
  m_PrefabInternal: {fileID: 100100000}
  serializedVersion: 6
  m_Component:
  - component: {fileID: 4024494716968382}
  - component: {fileID: 212208401365588182}
  - component: {fileID: 61546285477868892}
  - component: {fileID: 114724894600855160}
  m_Layer: 0
  m_Name: Spike
  m_TagString: Untagged
  m_Icon: {fileID: 0}
  m_NavMeshLayer: 0
  m_StaticEditorFlags: 0
  m_IsActive: 0
--- !u!1 &1236998229327624
GameObject:
  m_ObjectHideFlags: 0
  m_CorrespondingSourceObject: {fileID: 0}
  m_PrefabInternal: {fileID: 100100000}
  serializedVersion: 6
  m_Component:
  - component: {fileID: 4571485647894844}
  - component: {fileID: 212900600207127130}
  - component: {fileID: 61393897058005052}
  - component: {fileID: 114514995186210920}
  m_Layer: 0
  m_Name: Spike
  m_TagString: Untagged
  m_Icon: {fileID: 0}
  m_NavMeshLayer: 0
  m_StaticEditorFlags: 0
  m_IsActive: 0
--- !u!1 &1474826507335896
GameObject:
  m_ObjectHideFlags: 0
  m_CorrespondingSourceObject: {fileID: 0}
  m_PrefabInternal: {fileID: 100100000}
  serializedVersion: 6
  m_Component:
  - component: {fileID: 4928469810900268}
  - component: {fileID: 212935896626560038}
  - component: {fileID: 60982558022150570}
  - component: {fileID: 114168167916444000}
  m_Layer: 0
  m_Name: spike (2)
  m_TagString: Untagged
  m_Icon: {fileID: 0}
  m_NavMeshLayer: 0
  m_StaticEditorFlags: 0
  m_IsActive: 1
--- !u!1 &1557262904734406
GameObject:
  m_ObjectHideFlags: 0
  m_CorrespondingSourceObject: {fileID: 0}
  m_PrefabInternal: {fileID: 100100000}
  serializedVersion: 6
  m_Component:
  - component: {fileID: 4309235568187512}
  - component: {fileID: 212110243291649234}
  - component: {fileID: 60460174762261354}
  - component: {fileID: 114154448070854366}
  m_Layer: 0
  m_Name: spike (6)
  m_TagString: Untagged
  m_Icon: {fileID: 0}
  m_NavMeshLayer: 0
  m_StaticEditorFlags: 0
  m_IsActive: 1
--- !u!1 &1704283405414822
GameObject:
  m_ObjectHideFlags: 0
  m_CorrespondingSourceObject: {fileID: 0}
  m_PrefabInternal: {fileID: 100100000}
  serializedVersion: 6
  m_Component:
  - component: {fileID: 4287178369552082}
  - component: {fileID: 212120161602852378}
  - component: {fileID: 60417650407753604}
  - component: {fileID: 114508737722976386}
  m_Layer: 0
  m_Name: spike (5)
  m_TagString: Untagged
  m_Icon: {fileID: 0}
  m_NavMeshLayer: 0
  m_StaticEditorFlags: 0
  m_IsActive: 1
--- !u!1 &1708647929843884
GameObject:
  m_ObjectHideFlags: 0
  m_CorrespondingSourceObject: {fileID: 0}
  m_PrefabInternal: {fileID: 100100000}
  serializedVersion: 6
  m_Component:
  - component: {fileID: 4196331295149662}
  - component: {fileID: 212724987678794996}
  - component: {fileID: 60763418262172964}
  - component: {fileID: 114964891574165254}
  m_Layer: 0
  m_Name: spike (3)
  m_TagString: Untagged
  m_Icon: {fileID: 0}
  m_NavMeshLayer: 0
  m_StaticEditorFlags: 0
  m_IsActive: 1
--- !u!1 &1732569601587456
GameObject:
  m_ObjectHideFlags: 0
  m_CorrespondingSourceObject: {fileID: 0}
  m_PrefabInternal: {fileID: 100100000}
  serializedVersion: 6
  m_Component:
  - component: {fileID: 4670453068577834}
  - component: {fileID: 212021520283590622}
  - component: {fileID: 61202501786812812}
  - component: {fileID: 114490327545976648}
  m_Layer: 0
  m_Name: Spike
  m_TagString: Untagged
  m_Icon: {fileID: 0}
  m_NavMeshLayer: 0
  m_StaticEditorFlags: 0
  m_IsActive: 0
--- !u!1 &1732626971716926
GameObject:
  m_ObjectHideFlags: 0
  m_CorrespondingSourceObject: {fileID: 0}
  m_PrefabInternal: {fileID: 100100000}
  serializedVersion: 6
  m_Component:
  - component: {fileID: 4095807050932592}
  - component: {fileID: 212540401002983648}
  - component: {fileID: 61557757789552578}
  - component: {fileID: 114480696610350534}
  m_Layer: 0
  m_Name: Spike
  m_TagString: Untagged
  m_Icon: {fileID: 0}
  m_NavMeshLayer: 0
  m_StaticEditorFlags: 0
  m_IsActive: 0
--- !u!1 &1923600989584910
GameObject:
  m_ObjectHideFlags: 0
  m_CorrespondingSourceObject: {fileID: 0}
  m_PrefabInternal: {fileID: 100100000}
  serializedVersion: 6
  m_Component:
  - component: {fileID: 4328213545206196}
  m_Layer: 0
  m_Name: Level 7
  m_TagString: Untagged
  m_Icon: {fileID: 0}
  m_NavMeshLayer: 0
  m_StaticEditorFlags: 0
  m_IsActive: 1
--- !u!4 &4024494716968382
Transform:
  m_ObjectHideFlags: 1
  m_CorrespondingSourceObject: {fileID: 0}
  m_PrefabInternal: {fileID: 100100000}
  m_GameObject: {fileID: 1172690410104910}
  m_LocalRotation: {x: -0, y: -0, z: -0, w: 1}
  m_LocalPosition: {x: 1.78, y: 3.04, z: 0}
  m_LocalScale: {x: 6.133035, y: 2.849253, z: 1.0837799}
  m_Children: []
  m_Father: {fileID: 4328213545206196}
  m_RootOrder: 0
  m_LocalEulerAnglesHint: {x: 0, y: 0, z: 0}
--- !u!4 &4095807050932592
Transform:
  m_ObjectHideFlags: 1
  m_CorrespondingSourceObject: {fileID: 0}
  m_PrefabInternal: {fileID: 100100000}
  m_GameObject: {fileID: 1732626971716926}
  m_LocalRotation: {x: -0, y: -0, z: -0, w: 1}
  m_LocalPosition: {x: 1.78, y: 2.31, z: 0}
  m_LocalScale: {x: 6.13304, y: 2.8492498, z: 1.0837799}
  m_Children: []
  m_Father: {fileID: 4328213545206196}
  m_RootOrder: 4
  m_LocalEulerAnglesHint: {x: 0, y: 0, z: 0}
--- !u!4 &4196331295149662
Transform:
  m_ObjectHideFlags: 1
  m_CorrespondingSourceObject: {fileID: 0}
  m_PrefabInternal: {fileID: 100100000}
  m_GameObject: {fileID: 1708647929843884}
  m_LocalRotation: {x: -0, y: -0, z: 0.7071068, w: 0.7071068}
  m_LocalPosition: {x: 2.14, y: 2.98, z: 0}
  m_LocalScale: {x: 1.0000005, y: 1.0000005, z: 1}
  m_Children: []
  m_Father: {fileID: 4328213545206196}
  m_RootOrder: 6
  m_LocalEulerAnglesHint: {x: 0, y: 0, z: 90}
--- !u!4 &4287178369552082
Transform:
  m_ObjectHideFlags: 1
  m_CorrespondingSourceObject: {fileID: 0}
  m_PrefabInternal: {fileID: 100100000}
  m_GameObject: {fileID: 1704283405414822}
  m_LocalRotation: {x: -0, y: -0, z: 0.7071068, w: 0.7071068}
  m_LocalPosition: {x: 2.14, y: 0.24, z: 0}
  m_LocalScale: {x: 1.0000005, y: 1.0000005, z: 1}
  m_Children: []
  m_Father: {fileID: 4328213545206196}
  m_RootOrder: 8
  m_LocalEulerAnglesHint: {x: 0, y: 0, z: 90}
--- !u!4 &4309235568187512
Transform:
  m_ObjectHideFlags: 1
  m_CorrespondingSourceObject: {fileID: 0}
  m_PrefabInternal: {fileID: 100100000}
  m_GameObject: {fileID: 1557262904734406}
  m_LocalRotation: {x: -0, y: -0, z: 0.7071068, w: 0.7071068}
  m_LocalPosition: {x: 2.14, y: -1.41, z: 0}
  m_LocalScale: {x: 1.0000005, y: 1.0000005, z: 1}
  m_Children: []
  m_Father: {fileID: 4328213545206196}
  m_RootOrder: 9
  m_LocalEulerAnglesHint: {x: 0, y: 0, z: 90}
--- !u!4 &4328213545206196
Transform:
  m_ObjectHideFlags: 1
  m_CorrespondingSourceObject: {fileID: 0}
  m_PrefabInternal: {fileID: 100100000}
  m_GameObject: {fileID: 1923600989584910}
  m_LocalRotation: {x: 0, y: 0, z: 0, w: 1}
  m_LocalPosition: {x: 0, y: 0, z: 0}
  m_LocalScale: {x: 1, y: 1, z: 1}
  m_Children:
  - {fileID: 4024494716968382}
  - {fileID: 4619297419915908}
  - {fileID: 4571485647894844}
  - {fileID: 4670453068577834}
  - {fileID: 4095807050932592}
  - {fileID: 4928469810900268}
  - {fileID: 4196331295149662}
  - {fileID: 4646954008309508}
  - {fileID: 4287178369552082}
  - {fileID: 4309235568187512}
  m_Father: {fileID: 0}
  m_RootOrder: 0
  m_LocalEulerAnglesHint: {x: 0, y: 0, z: 0}
--- !u!4 &4571485647894844
Transform:
  m_ObjectHideFlags: 1
  m_CorrespondingSourceObject: {fileID: 0}
  m_PrefabInternal: {fileID: 100100000}
  m_GameObject: {fileID: 1236998229327624}
  m_LocalRotation: {x: -0, y: -0, z: -0, w: 1}
  m_LocalPosition: {x: 1.78, y: 3.55, z: 0}
  m_LocalScale: {x: 6.13304, y: 2.8492498, z: 1.0837799}
  m_Children: []
  m_Father: {fileID: 4328213545206196}
  m_RootOrder: 2
  m_LocalEulerAnglesHint: {x: 0, y: 0, z: 0}
--- !u!4 &4619297419915908
Transform:
  m_ObjectHideFlags: 1
  m_CorrespondingSourceObject: {fileID: 0}
  m_PrefabInternal: {fileID: 100100000}
  m_GameObject: {fileID: 1019437671870452}
  m_LocalRotation: {x: -0, y: -0, z: -0, w: 1}
  m_LocalPosition: {x: 1.78, y: -1.44, z: 0}
  m_LocalScale: {x: 6.13304, y: 2.8492498, z: 1.0837799}
  m_Children: []
  m_Father: {fileID: 4328213545206196}
  m_RootOrder: 1
  m_LocalEulerAnglesHint: {x: 0, y: 0, z: 0}
--- !u!4 &4646954008309508
Transform:
  m_ObjectHideFlags: 1
  m_CorrespondingSourceObject: {fileID: 0}
  m_PrefabInternal: {fileID: 100100000}
  m_GameObject: {fileID: 1157922533887892}
  m_LocalRotation: {x: -0, y: -0, z: 0.7071068, w: 0.7071068}
  m_LocalPosition: {x: 2.14, y: 2.32, z: 0}
  m_LocalScale: {x: 1.0000005, y: 1.0000005, z: 1}
  m_Children: []
  m_Father: {fileID: 4328213545206196}
  m_RootOrder: 7
  m_LocalEulerAnglesHint: {x: 0, y: 0, z: 90}
--- !u!4 &4670453068577834
Transform:
  m_ObjectHideFlags: 1
  m_CorrespondingSourceObject: {fileID: 0}
  m_PrefabInternal: {fileID: 100100000}
  m_GameObject: {fileID: 1732569601587456}
  m_LocalRotation: {x: -0, y: -0, z: -0, w: 1}
  m_LocalPosition: {x: 1.78, y: 0.23, z: 0}
  m_LocalScale: {x: 6.13304, y: 2.8492498, z: 1.0837799}
  m_Children: []
  m_Father: {fileID: 4328213545206196}
  m_RootOrder: 3
  m_LocalEulerAnglesHint: {x: 0, y: 0, z: 0}
--- !u!4 &4928469810900268
Transform:
  m_ObjectHideFlags: 1
  m_CorrespondingSourceObject: {fileID: 0}
  m_PrefabInternal: {fileID: 100100000}
  m_GameObject: {fileID: 1474826507335896}
  m_LocalRotation: {x: -0, y: -0, z: 0.7071068, w: 0.7071068}
  m_LocalPosition: {x: 2.14, y: 3.55, z: 0}
  m_LocalScale: {x: 1, y: 1, z: 1}
  m_Children: []
  m_Father: {fileID: 4328213545206196}
  m_RootOrder: 5
  m_LocalEulerAnglesHint: {x: 0, y: 0, z: 90}
--- !u!60 &60417650407753604
PolygonCollider2D:
  m_ObjectHideFlags: 1
  m_CorrespondingSourceObject: {fileID: 0}
  m_PrefabInternal: {fileID: 100100000}
  m_GameObject: {fileID: 1704283405414822}
  m_Enabled: 1
  m_Density: 1
  m_Material: {fileID: 0}
  m_IsTrigger: 0
  m_UsedByEffector: 0
  m_UsedByComposite: 0
  m_Offset: {x: 0, y: 0}
  m_SpriteTilingProperty:
    border: {x: 0, y: 0, z: 0, w: 0}
    pivot: {x: 0.5, y: 0.5}
    oldSize: {x: 0.87, y: 1.91}
    newSize: {x: 1.74, y: 3.82}
    adaptiveTilingThreshold: 0.5
    drawMode: 0
    adaptiveTiling: 0
  m_AutoTiling: 0
  m_Points:
    m_Paths:
    - - {x: 0.41, y: -0.84499997}
      - {x: 0.36499998, y: -0.755}
      - {x: 0.355, y: -0.49499997}
      - {x: 0.24, y: -0.31}
      - {x: 0.24499999, y: -0.044999998}
      - {x: 0.21, y: 0.055}
      - {x: 0.16499999, y: 0.155}
      - {x: 0.195, y: 0.405}
      - {x: 0.13, y: 0.515}
      - {x: 0.114999995, y: 0.60499996}
      - {x: 0.114999995, y: 0.815}
      - {x: 0.089999996, y: 0.89}
      - {x: 0.065, y: 0.93}
      - {x: 0.04, y: 0.935}
      - {x: 0.01, y: 0.935}
      - {x: -0.02, y: 0.91499996}
      - {x: -0.11, y: 0.715}
      - {x: -0.13499999, y: 0.645}
      - {x: -0.13, y: 0.53999996}
      - {x: -0.14999999, y: 0.31}
      - {x: -0.19, y: 0.225}
      - {x: -0.21, y: 0.049999997}
      - {x: -0.195, y: -0.03}
      - {x: -0.185, y: -0.089999996}
      - {x: -0.28, y: -0.315}
      - {x: -0.265, y: -0.415}
      - {x: -0.265, y: -0.58}
      - {x: -0.32, y: -0.705}
      - {x: -0.32999998, y: -0.73499995}
      - {x: -0.375, y: -0.835}
      - {x: -0.385, y: -0.87}
      - {x: -0.385, y: -0.935}
      - {x: -0.37, y: -0.955}
      - {x: 0.39999998, y: -0.955}
      - {x: 0.415, y: -0.935}
      - {x: 0.415, y: -0.865}
--- !u!60 &60460174762261354
PolygonCollider2D:
  m_ObjectHideFlags: 1
  m_CorrespondingSourceObject: {fileID: 0}
  m_PrefabInternal: {fileID: 100100000}
  m_GameObject: {fileID: 1557262904734406}
  m_Enabled: 1
  m_Density: 1
  m_Material: {fileID: 0}
  m_IsTrigger: 0
  m_UsedByEffector: 0
  m_UsedByComposite: 0
  m_Offset: {x: 0, y: 0}
  m_SpriteTilingProperty:
    border: {x: 0, y: 0, z: 0, w: 0}
    pivot: {x: 0.5, y: 0.5}
    oldSize: {x: 0.87, y: 1.91}
    newSize: {x: 1.74, y: 3.82}
    adaptiveTilingThreshold: 0.5
    drawMode: 0
    adaptiveTiling: 0
  m_AutoTiling: 0
  m_Points:
    m_Paths:
    - - {x: 0.41, y: -0.84499997}
      - {x: 0.36499998, y: -0.755}
      - {x: 0.355, y: -0.49499997}
      - {x: 0.24, y: -0.31}
      - {x: 0.24499999, y: -0.044999998}
      - {x: 0.21, y: 0.055}
      - {x: 0.16499999, y: 0.155}
      - {x: 0.195, y: 0.405}
      - {x: 0.13, y: 0.515}
      - {x: 0.114999995, y: 0.60499996}
      - {x: 0.114999995, y: 0.815}
      - {x: 0.089999996, y: 0.89}
      - {x: 0.065, y: 0.93}
      - {x: 0.04, y: 0.935}
      - {x: 0.01, y: 0.935}
      - {x: -0.02, y: 0.91499996}
      - {x: -0.11, y: 0.715}
      - {x: -0.13499999, y: 0.645}
      - {x: -0.13, y: 0.53999996}
      - {x: -0.14999999, y: 0.31}
      - {x: -0.19, y: 0.225}
      - {x: -0.21, y: 0.049999997}
      - {x: -0.195, y: -0.03}
      - {x: -0.185, y: -0.089999996}
      - {x: -0.28, y: -0.315}
      - {x: -0.265, y: -0.415}
      - {x: -0.265, y: -0.58}
      - {x: -0.32, y: -0.705}
      - {x: -0.32999998, y: -0.73499995}
      - {x: -0.375, y: -0.835}
      - {x: -0.385, y: -0.87}
      - {x: -0.385, y: -0.935}
      - {x: -0.37, y: -0.955}
      - {x: 0.39999998, y: -0.955}
      - {x: 0.415, y: -0.935}
      - {x: 0.415, y: -0.865}
--- !u!60 &60763418262172964
PolygonCollider2D:
  m_ObjectHideFlags: 1
  m_CorrespondingSourceObject: {fileID: 0}
  m_PrefabInternal: {fileID: 100100000}
  m_GameObject: {fileID: 1708647929843884}
  m_Enabled: 1
  m_Density: 1
  m_Material: {fileID: 0}
  m_IsTrigger: 0
  m_UsedByEffector: 0
  m_UsedByComposite: 0
  m_Offset: {x: 0, y: 0}
  m_SpriteTilingProperty:
    border: {x: 0, y: 0, z: 0, w: 0}
    pivot: {x: 0.5, y: 0.5}
    oldSize: {x: 0.87, y: 1.91}
    newSize: {x: 1.74, y: 3.82}
    adaptiveTilingThreshold: 0.5
    drawMode: 0
    adaptiveTiling: 0
  m_AutoTiling: 0
  m_Points:
    m_Paths:
    - - {x: 0.41, y: -0.84499997}
      - {x: 0.36499998, y: -0.755}
      - {x: 0.355, y: -0.49499997}
      - {x: 0.24, y: -0.31}
      - {x: 0.24499999, y: -0.044999998}
      - {x: 0.21, y: 0.055}
      - {x: 0.16499999, y: 0.155}
      - {x: 0.195, y: 0.405}
      - {x: 0.13, y: 0.515}
      - {x: 0.114999995, y: 0.60499996}
      - {x: 0.114999995, y: 0.815}
      - {x: 0.089999996, y: 0.89}
      - {x: 0.065, y: 0.93}
      - {x: 0.04, y: 0.935}
      - {x: 0.01, y: 0.935}
      - {x: -0.02, y: 0.91499996}
      - {x: -0.11, y: 0.715}
      - {x: -0.13499999, y: 0.645}
      - {x: -0.13, y: 0.53999996}
      - {x: -0.14999999, y: 0.31}
      - {x: -0.19, y: 0.225}
      - {x: -0.21, y: 0.049999997}
      - {x: -0.195, y: -0.03}
      - {x: -0.185, y: -0.089999996}
      - {x: -0.28, y: -0.315}
      - {x: -0.265, y: -0.415}
      - {x: -0.265, y: -0.58}
      - {x: -0.32, y: -0.705}
      - {x: -0.32999998, y: -0.73499995}
      - {x: -0.375, y: -0.835}
      - {x: -0.385, y: -0.87}
      - {x: -0.385, y: -0.935}
      - {x: -0.37, y: -0.955}
      - {x: 0.39999998, y: -0.955}
      - {x: 0.415, y: -0.935}
      - {x: 0.415, y: -0.865}
--- !u!60 &60921399156570670
PolygonCollider2D:
  m_ObjectHideFlags: 1
  m_CorrespondingSourceObject: {fileID: 0}
  m_PrefabInternal: {fileID: 100100000}
  m_GameObject: {fileID: 1157922533887892}
  m_Enabled: 1
  m_Density: 1
  m_Material: {fileID: 0}
  m_IsTrigger: 0
  m_UsedByEffector: 0
  m_UsedByComposite: 0
  m_Offset: {x: 0, y: 0}
  m_SpriteTilingProperty:
    border: {x: 0, y: 0, z: 0, w: 0}
    pivot: {x: 0.5, y: 0.5}
    oldSize: {x: 0.87, y: 1.91}
    newSize: {x: 1.74, y: 3.82}
    adaptiveTilingThreshold: 0.5
    drawMode: 0
    adaptiveTiling: 0
  m_AutoTiling: 0
  m_Points:
    m_Paths:
    - - {x: 0.41, y: -0.84499997}
      - {x: 0.36499998, y: -0.755}
      - {x: 0.355, y: -0.49499997}
      - {x: 0.24, y: -0.31}
      - {x: 0.24499999, y: -0.044999998}
      - {x: 0.21, y: 0.055}
      - {x: 0.16499999, y: 0.155}
      - {x: 0.195, y: 0.405}
      - {x: 0.13, y: 0.515}
      - {x: 0.114999995, y: 0.60499996}
      - {x: 0.114999995, y: 0.815}
      - {x: 0.089999996, y: 0.89}
      - {x: 0.065, y: 0.93}
      - {x: 0.04, y: 0.935}
      - {x: 0.01, y: 0.935}
      - {x: -0.02, y: 0.91499996}
      - {x: -0.11, y: 0.715}
      - {x: -0.13499999, y: 0.645}
      - {x: -0.13, y: 0.53999996}
      - {x: -0.14999999, y: 0.31}
      - {x: -0.19, y: 0.225}
      - {x: -0.21, y: 0.049999997}
      - {x: -0.195, y: -0.03}
      - {x: -0.185, y: -0.089999996}
      - {x: -0.28, y: -0.315}
      - {x: -0.265, y: -0.415}
      - {x: -0.265, y: -0.58}
      - {x: -0.32, y: -0.705}
      - {x: -0.32999998, y: -0.73499995}
      - {x: -0.375, y: -0.835}
      - {x: -0.385, y: -0.87}
      - {x: -0.385, y: -0.935}
      - {x: -0.37, y: -0.955}
      - {x: 0.39999998, y: -0.955}
      - {x: 0.415, y: -0.935}
      - {x: 0.415, y: -0.865}
--- !u!60 &60982558022150570
PolygonCollider2D:
  m_ObjectHideFlags: 1
  m_CorrespondingSourceObject: {fileID: 0}
  m_PrefabInternal: {fileID: 100100000}
  m_GameObject: {fileID: 1474826507335896}
  m_Enabled: 1
  m_Density: 1
  m_Material: {fileID: 0}
  m_IsTrigger: 0
  m_UsedByEffector: 0
  m_UsedByComposite: 0
  m_Offset: {x: 0, y: 0}
  m_SpriteTilingProperty:
    border: {x: 0, y: 0, z: 0, w: 0}
    pivot: {x: 0.5, y: 0.5}
    oldSize: {x: 0.87, y: 1.91}
    newSize: {x: 1.74, y: 3.82}
    adaptiveTilingThreshold: 0.5
    drawMode: 0
    adaptiveTiling: 0
  m_AutoTiling: 0
  m_Points:
    m_Paths:
    - - {x: 0.41, y: -0.84499997}
      - {x: 0.36499998, y: -0.755}
      - {x: 0.355, y: -0.49499997}
      - {x: 0.24, y: -0.31}
      - {x: 0.24499999, y: -0.044999998}
      - {x: 0.21, y: 0.055}
      - {x: 0.16499999, y: 0.155}
      - {x: 0.195, y: 0.405}
      - {x: 0.13, y: 0.515}
      - {x: 0.114999995, y: 0.60499996}
      - {x: 0.114999995, y: 0.815}
      - {x: 0.089999996, y: 0.89}
      - {x: 0.065, y: 0.93}
      - {x: 0.04, y: 0.935}
      - {x: 0.01, y: 0.935}
      - {x: -0.02, y: 0.91499996}
      - {x: -0.11, y: 0.715}
      - {x: -0.13499999, y: 0.645}
      - {x: -0.13, y: 0.53999996}
      - {x: -0.14999999, y: 0.31}
      - {x: -0.19, y: 0.225}
      - {x: -0.21, y: 0.049999997}
      - {x: -0.195, y: -0.03}
      - {x: -0.185, y: -0.089999996}
      - {x: -0.28, y: -0.315}
      - {x: -0.265, y: -0.415}
      - {x: -0.265, y: -0.58}
      - {x: -0.32, y: -0.705}
      - {x: -0.32999998, y: -0.73499995}
      - {x: -0.375, y: -0.835}
      - {x: -0.385, y: -0.87}
      - {x: -0.385, y: -0.935}
      - {x: -0.37, y: -0.955}
      - {x: 0.39999998, y: -0.955}
      - {x: 0.415, y: -0.935}
      - {x: 0.415, y: -0.865}
--- !u!61 &61123752348710458
BoxCollider2D:
  m_ObjectHideFlags: 1
  m_CorrespondingSourceObject: {fileID: 0}
  m_PrefabInternal: {fileID: 100100000}
  m_GameObject: {fileID: 1019437671870452}
  m_Enabled: 1
  m_Density: 1
  m_Material: {fileID: 0}
  m_IsTrigger: 0
  m_UsedByEffector: 0
  m_UsedByComposite: 0
  m_Offset: {x: 0, y: 0}
  m_SpriteTilingProperty:
    border: {x: 0, y: 0, z: 0, w: 0}
    pivot: {x: 0.5, y: 0.5}
    oldSize: {x: 0.16, y: 0.16}
    newSize: {x: 0.16, y: 0.16}
    adaptiveTilingThreshold: 0.5
    drawMode: 0
    adaptiveTiling: 0
  m_AutoTiling: 0
  serializedVersion: 2
  m_Size: {x: 0.16, y: 0.16}
  m_EdgeRadius: 0
--- !u!61 &61202501786812812
BoxCollider2D:
  m_ObjectHideFlags: 1
  m_CorrespondingSourceObject: {fileID: 0}
  m_PrefabInternal: {fileID: 100100000}
  m_GameObject: {fileID: 1732569601587456}
  m_Enabled: 1
  m_Density: 1
  m_Material: {fileID: 0}
  m_IsTrigger: 0
  m_UsedByEffector: 0
  m_UsedByComposite: 0
  m_Offset: {x: 0, y: 0}
  m_SpriteTilingProperty:
    border: {x: 0, y: 0, z: 0, w: 0}
    pivot: {x: 0.5, y: 0.5}
    oldSize: {x: 0.16, y: 0.16}
    newSize: {x: 0.16, y: 0.16}
    adaptiveTilingThreshold: 0.5
    drawMode: 0
    adaptiveTiling: 0
  m_AutoTiling: 0
  serializedVersion: 2
  m_Size: {x: 0.16, y: 0.16}
  m_EdgeRadius: 0
--- !u!61 &61393897058005052
BoxCollider2D:
  m_ObjectHideFlags: 1
  m_CorrespondingSourceObject: {fileID: 0}
  m_PrefabInternal: {fileID: 100100000}
  m_GameObject: {fileID: 1236998229327624}
  m_Enabled: 1
  m_Density: 1
  m_Material: {fileID: 0}
  m_IsTrigger: 0
  m_UsedByEffector: 0
  m_UsedByComposite: 0
  m_Offset: {x: 0, y: 0}
  m_SpriteTilingProperty:
    border: {x: 0, y: 0, z: 0, w: 0}
    pivot: {x: 0.5, y: 0.5}
    oldSize: {x: 0.16, y: 0.16}
    newSize: {x: 0.16, y: 0.16}
    adaptiveTilingThreshold: 0.5
    drawMode: 0
    adaptiveTiling: 0
  m_AutoTiling: 0
  serializedVersion: 2
  m_Size: {x: 0.16, y: 0.16}
  m_EdgeRadius: 0
--- !u!61 &61546285477868892
BoxCollider2D:
  m_ObjectHideFlags: 1
  m_CorrespondingSourceObject: {fileID: 0}
  m_PrefabInternal: {fileID: 100100000}
  m_GameObject: {fileID: 1172690410104910}
  m_Enabled: 1
  m_Density: 1
  m_Material: {fileID: 0}
  m_IsTrigger: 0
  m_UsedByEffector: 0
  m_UsedByComposite: 0
  m_Offset: {x: 0, y: 0}
  m_SpriteTilingProperty:
    border: {x: 0, y: 0, z: 0, w: 0}
    pivot: {x: 0.5, y: 0.5}
    oldSize: {x: 0.16, y: 0.16}
    newSize: {x: 0.16, y: 0.16}
    adaptiveTilingThreshold: 0.5
    drawMode: 0
    adaptiveTiling: 0
  m_AutoTiling: 0
  serializedVersion: 2
  m_Size: {x: 0.16, y: 0.16}
  m_EdgeRadius: 0
--- !u!61 &61557757789552578
BoxCollider2D:
  m_ObjectHideFlags: 1
  m_CorrespondingSourceObject: {fileID: 0}
  m_PrefabInternal: {fileID: 100100000}
  m_GameObject: {fileID: 1732626971716926}
  m_Enabled: 1
  m_Density: 1
  m_Material: {fileID: 0}
  m_IsTrigger: 0
  m_UsedByEffector: 0
  m_UsedByComposite: 0
  m_Offset: {x: 0, y: 0}
  m_SpriteTilingProperty:
    border: {x: 0, y: 0, z: 0, w: 0}
    pivot: {x: 0.5, y: 0.5}
    oldSize: {x: 0.16, y: 0.16}
    newSize: {x: 0.16, y: 0.16}
    adaptiveTilingThreshold: 0.5
    drawMode: 0
    adaptiveTiling: 0
  m_AutoTiling: 0
  serializedVersion: 2
  m_Size: {x: 0.16, y: 0.16}
  m_EdgeRadius: 0
--- !u!114 &114154448070854366
MonoBehaviour:
  m_ObjectHideFlags: 1
  m_CorrespondingSourceObject: {fileID: 0}
  m_PrefabInternal: {fileID: 100100000}
  m_GameObject: {fileID: 1557262904734406}
  m_Enabled: 1
  m_EditorHideFlags: 0
  m_Script: {fileID: 11500000, guid: e95ed866de3c4f740ae672aa6bd020bf, type: 3}
  m_Name: 
  m_EditorClassIdentifier: 
  Filter:
    UseScriptable: 0
    variable: Player
    scriptable: {fileID: 0}
  CollideEvent: {fileID: 11400000, guid: 0cab66f8d83c24742b3f4958140b311a, type: 2}
--- !u!114 &114168167916444000
MonoBehaviour:
  m_ObjectHideFlags: 1
  m_CorrespondingSourceObject: {fileID: 0}
  m_PrefabInternal: {fileID: 100100000}
  m_GameObject: {fileID: 1474826507335896}
  m_Enabled: 1
  m_EditorHideFlags: 0
  m_Script: {fileID: 11500000, guid: e95ed866de3c4f740ae672aa6bd020bf, type: 3}
  m_Name: 
  m_EditorClassIdentifier: 
  Filter:
    UseScriptable: 0
    variable: Player
    scriptable: {fileID: 0}
  CollideEvent: {fileID: 11400000, guid: 0cab66f8d83c24742b3f4958140b311a, type: 2}
--- !u!114 &114480696610350534
MonoBehaviour:
  m_ObjectHideFlags: 1
  m_CorrespondingSourceObject: {fileID: 0}
  m_PrefabInternal: {fileID: 100100000}
  m_GameObject: {fileID: 1732626971716926}
  m_Enabled: 1
  m_EditorHideFlags: 0
  m_Script: {fileID: 11500000, guid: e95ed866de3c4f740ae672aa6bd020bf, type: 3}
  m_Name: 
  m_EditorClassIdentifier: 
  Filter:
    UseScriptable: 0
    variable: Player
    scriptable: {fileID: 0}
  CollideEvent: {fileID: 11400000, guid: 0cab66f8d83c24742b3f4958140b311a, type: 2}
--- !u!114 &114490327545976648
MonoBehaviour:
  m_ObjectHideFlags: 1
  m_CorrespondingSourceObject: {fileID: 0}
  m_PrefabInternal: {fileID: 100100000}
  m_GameObject: {fileID: 1732569601587456}
  m_Enabled: 1
  m_EditorHideFlags: 0
  m_Script: {fileID: 11500000, guid: e95ed866de3c4f740ae672aa6bd020bf, type: 3}
  m_Name: 
  m_EditorClassIdentifier: 
  Filter:
    UseScriptable: 0
    variable: Player
    scriptable: {fileID: 0}
  CollideEvent: {fileID: 11400000, guid: 0cab66f8d83c24742b3f4958140b311a, type: 2}
--- !u!114 &114508737722976386
MonoBehaviour:
  m_ObjectHideFlags: 1
  m_CorrespondingSourceObject: {fileID: 0}
  m_PrefabInternal: {fileID: 100100000}
  m_GameObject: {fileID: 1704283405414822}
  m_Enabled: 1
  m_EditorHideFlags: 0
  m_Script: {fileID: 11500000, guid: e95ed866de3c4f740ae672aa6bd020bf, type: 3}
  m_Name: 
  m_EditorClassIdentifier: 
  Filter:
    UseScriptable: 0
    variable: Player
    scriptable: {fileID: 0}
  CollideEvent: {fileID: 11400000, guid: 0cab66f8d83c24742b3f4958140b311a, type: 2}
--- !u!114 &114514995186210920
MonoBehaviour:
  m_ObjectHideFlags: 1
  m_CorrespondingSourceObject: {fileID: 0}
  m_PrefabInternal: {fileID: 100100000}
  m_GameObject: {fileID: 1236998229327624}
  m_Enabled: 1
  m_EditorHideFlags: 0
  m_Script: {fileID: 11500000, guid: e95ed866de3c4f740ae672aa6bd020bf, type: 3}
  m_Name: 
  m_EditorClassIdentifier: 
  Filter:
    UseScriptable: 0
    variable: Player
    scriptable: {fileID: 0}
  CollideEvent: {fileID: 11400000, guid: 0cab66f8d83c24742b3f4958140b311a, type: 2}
--- !u!114 &114711079661048860
MonoBehaviour:
  m_ObjectHideFlags: 1
  m_CorrespondingSourceObject: {fileID: 0}
  m_PrefabInternal: {fileID: 100100000}
  m_GameObject: {fileID: 1019437671870452}
  m_Enabled: 1
  m_EditorHideFlags: 0
  m_Script: {fileID: 11500000, guid: e95ed866de3c4f740ae672aa6bd020bf, type: 3}
  m_Name: 
  m_EditorClassIdentifier: 
  Filter:
    UseScriptable: 0
    variable: Player
    scriptable: {fileID: 0}
  CollideEvent: {fileID: 11400000, guid: 0cab66f8d83c24742b3f4958140b311a, type: 2}
--- !u!114 &114724894600855160
MonoBehaviour:
  m_ObjectHideFlags: 1
  m_CorrespondingSourceObject: {fileID: 0}
  m_PrefabInternal: {fileID: 100100000}
  m_GameObject: {fileID: 1172690410104910}
  m_Enabled: 1
  m_EditorHideFlags: 0
  m_Script: {fileID: 11500000, guid: e95ed866de3c4f740ae672aa6bd020bf, type: 3}
  m_Name: 
  m_EditorClassIdentifier: 
  Filter:
    UseScriptable: 0
    variable: Player
    scriptable: {fileID: 0}
  CollideEvent: {fileID: 11400000, guid: 0cab66f8d83c24742b3f4958140b311a, type: 2}
--- !u!114 &114922527252837616
MonoBehaviour:
  m_ObjectHideFlags: 1
  m_CorrespondingSourceObject: {fileID: 0}
  m_PrefabInternal: {fileID: 100100000}
  m_GameObject: {fileID: 1157922533887892}
  m_Enabled: 1
  m_EditorHideFlags: 0
  m_Script: {fileID: 11500000, guid: e95ed866de3c4f740ae672aa6bd020bf, type: 3}
  m_Name: 
  m_EditorClassIdentifier: 
  Filter:
    UseScriptable: 0
    variable: Player
    scriptable: {fileID: 0}
  CollideEvent: {fileID: 11400000, guid: 0cab66f8d83c24742b3f4958140b311a, type: 2}
--- !u!114 &114964891574165254
MonoBehaviour:
  m_ObjectHideFlags: 1
  m_CorrespondingSourceObject: {fileID: 0}
  m_PrefabInternal: {fileID: 100100000}
  m_GameObject: {fileID: 1708647929843884}
  m_Enabled: 1
  m_EditorHideFlags: 0
  m_Script: {fileID: 11500000, guid: e95ed866de3c4f740ae672aa6bd020bf, type: 3}
  m_Name: 
  m_EditorClassIdentifier: 
  Filter:
    UseScriptable: 0
    variable: Player
    scriptable: {fileID: 0}
  CollideEvent: {fileID: 11400000, guid: 0cab66f8d83c24742b3f4958140b311a, type: 2}
--- !u!212 &212021520283590622
SpriteRenderer:
  m_ObjectHideFlags: 1
  m_CorrespondingSourceObject: {fileID: 0}
  m_PrefabInternal: {fileID: 100100000}
  m_GameObject: {fileID: 1732569601587456}
  m_Enabled: 1
  m_CastShadows: 0
  m_ReceiveShadows: 0
  m_DynamicOccludee: 1
  m_MotionVectors: 1
  m_LightProbeUsage: 1
  m_ReflectionProbeUsage: 1
  m_RenderingLayerMask: 4294967295
  m_Materials:
  - {fileID: 10754, guid: 0000000000000000f000000000000000, type: 0}
  m_StaticBatchInfo:
    firstSubMesh: 0
    subMeshCount: 0
  m_StaticBatchRoot: {fileID: 0}
  m_ProbeAnchor: {fileID: 0}
  m_LightProbeVolumeOverride: {fileID: 0}
  m_ScaleInLightmap: 1
  m_PreserveUVs: 0
  m_IgnoreNormalsForChartDetection: 0
  m_ImportantGI: 0
  m_StitchLightmapSeams: 0
  m_SelectedEditorRenderState: 0
  m_MinimumChartSize: 4
  m_AutoUVMaxDistance: 0.5
  m_AutoUVMaxAngle: 89
  m_LightmapParameters: {fileID: 0}
  m_SortingLayerID: 0
  m_SortingLayer: 0
  m_SortingOrder: -1
  m_Sprite: {fileID: 21300000, guid: bfa6eef6b2556da4c8415de3cc05dbfa, type: 3}
  m_Color: {r: 0.18191527, g: 0.19576982, b: 0.5283019, a: 1}
  m_FlipX: 0
  m_FlipY: 0
  m_DrawMode: 0
  m_Size: {x: 0.16, y: 0.16}
  m_AdaptiveModeThreshold: 0.5
  m_SpriteTileMode: 0
  m_WasSpriteAssigned: 1
  m_MaskInteraction: 0
  m_SpriteSortPoint: 0
--- !u!212 &212110243291649234
SpriteRenderer:
  m_ObjectHideFlags: 1
  m_CorrespondingSourceObject: {fileID: 0}
  m_PrefabInternal: {fileID: 100100000}
  m_GameObject: {fileID: 1557262904734406}
  m_Enabled: 1
  m_CastShadows: 0
  m_ReceiveShadows: 0
  m_DynamicOccludee: 1
  m_MotionVectors: 1
  m_LightProbeUsage: 1
  m_ReflectionProbeUsage: 1
  m_RenderingLayerMask: 4294967295
  m_Materials:
  - {fileID: 10754, guid: 0000000000000000f000000000000000, type: 0}
  m_StaticBatchInfo:
    firstSubMesh: 0
    subMeshCount: 0
  m_StaticBatchRoot: {fileID: 0}
  m_ProbeAnchor: {fileID: 0}
  m_LightProbeVolumeOverride: {fileID: 0}
  m_ScaleInLightmap: 1
  m_PreserveUVs: 0
  m_IgnoreNormalsForChartDetection: 0
  m_ImportantGI: 0
  m_StitchLightmapSeams: 0
  m_SelectedEditorRenderState: 0
  m_MinimumChartSize: 4
  m_AutoUVMaxDistance: 0.5
  m_AutoUVMaxAngle: 89
  m_LightmapParameters: {fileID: 0}
  m_SortingLayerID: 0
  m_SortingLayer: 0
  m_SortingOrder: 0
  m_Sprite: {fileID: 21300000, guid: 8d6d06ca0b348c54789b382e4ee85725, type: 3}
  m_Color: {r: 1, g: 1, b: 1, a: 1}
  m_FlipX: 0
  m_FlipY: 0
  m_DrawMode: 0
  m_Size: {x: 1.74, y: 3.82}
  m_AdaptiveModeThreshold: 0.5
  m_SpriteTileMode: 0
  m_WasSpriteAssigned: 1
  m_MaskInteraction: 0
  m_SpriteSortPoint: 0
--- !u!212 &212120161602852378
SpriteRenderer:
  m_ObjectHideFlags: 1
  m_CorrespondingSourceObject: {fileID: 0}
  m_PrefabInternal: {fileID: 100100000}
  m_GameObject: {fileID: 1704283405414822}
  m_Enabled: 1
  m_CastShadows: 0
  m_ReceiveShadows: 0
  m_DynamicOccludee: 1
  m_MotionVectors: 1
  m_LightProbeUsage: 1
  m_ReflectionProbeUsage: 1
  m_RenderingLayerMask: 4294967295
  m_Materials:
  - {fileID: 10754, guid: 0000000000000000f000000000000000, type: 0}
  m_StaticBatchInfo:
    firstSubMesh: 0
    subMeshCount: 0
  m_StaticBatchRoot: {fileID: 0}
  m_ProbeAnchor: {fileID: 0}
  m_LightProbeVolumeOverride: {fileID: 0}
  m_ScaleInLightmap: 1
  m_PreserveUVs: 0
  m_IgnoreNormalsForChartDetection: 0
  m_ImportantGI: 0
  m_StitchLightmapSeams: 0
  m_SelectedEditorRenderState: 0
  m_MinimumChartSize: 4
  m_AutoUVMaxDistance: 0.5
  m_AutoUVMaxAngle: 89
  m_LightmapParameters: {fileID: 0}
  m_SortingLayerID: 0
  m_SortingLayer: 0
  m_SortingOrder: 0
  m_Sprite: {fileID: 21300000, guid: 8d6d06ca0b348c54789b382e4ee85725, type: 3}
  m_Color: {r: 1, g: 1, b: 1, a: 1}
  m_FlipX: 0
  m_FlipY: 0
  m_DrawMode: 0
  m_Size: {x: 1.74, y: 3.82}
  m_AdaptiveModeThreshold: 0.5
  m_SpriteTileMode: 0
  m_WasSpriteAssigned: 1
  m_MaskInteraction: 0
  m_SpriteSortPoint: 0
--- !u!212 &212208401365588182
SpriteRenderer:
  m_ObjectHideFlags: 1
  m_CorrespondingSourceObject: {fileID: 0}
  m_PrefabInternal: {fileID: 100100000}
  m_GameObject: {fileID: 1172690410104910}
  m_Enabled: 1
  m_CastShadows: 0
  m_ReceiveShadows: 0
  m_DynamicOccludee: 1
  m_MotionVectors: 1
  m_LightProbeUsage: 1
  m_ReflectionProbeUsage: 1
  m_RenderingLayerMask: 4294967295
  m_Materials:
  - {fileID: 10754, guid: 0000000000000000f000000000000000, type: 0}
  m_StaticBatchInfo:
    firstSubMesh: 0
    subMeshCount: 0
  m_StaticBatchRoot: {fileID: 0}
  m_ProbeAnchor: {fileID: 0}
  m_LightProbeVolumeOverride: {fileID: 0}
  m_ScaleInLightmap: 1
  m_PreserveUVs: 0
  m_IgnoreNormalsForChartDetection: 0
  m_ImportantGI: 0
  m_StitchLightmapSeams: 0
  m_SelectedEditorRenderState: 0
  m_MinimumChartSize: 4
  m_AutoUVMaxDistance: 0.5
  m_AutoUVMaxAngle: 89
  m_LightmapParameters: {fileID: 0}
  m_SortingLayerID: 0
  m_SortingLayer: 0
  m_SortingOrder: -1
  m_Sprite: {fileID: 21300000, guid: bfa6eef6b2556da4c8415de3cc05dbfa, type: 3}
  m_Color: {r: 0.18191527, g: 0.19576982, b: 0.5283019, a: 1}
  m_FlipX: 0
  m_FlipY: 0
  m_DrawMode: 0
  m_Size: {x: 0.16, y: 0.16}
  m_AdaptiveModeThreshold: 0.5
  m_SpriteTileMode: 0
  m_WasSpriteAssigned: 1
  m_MaskInteraction: 0
  m_SpriteSortPoint: 0
--- !u!212 &212268298814073118
SpriteRenderer:
  m_ObjectHideFlags: 1
  m_CorrespondingSourceObject: {fileID: 0}
  m_PrefabInternal: {fileID: 100100000}
  m_GameObject: {fileID: 1157922533887892}
  m_Enabled: 1
  m_CastShadows: 0
  m_ReceiveShadows: 0
  m_DynamicOccludee: 1
  m_MotionVectors: 1
  m_LightProbeUsage: 1
  m_ReflectionProbeUsage: 1
  m_RenderingLayerMask: 4294967295
  m_Materials:
  - {fileID: 10754, guid: 0000000000000000f000000000000000, type: 0}
  m_StaticBatchInfo:
    firstSubMesh: 0
    subMeshCount: 0
  m_StaticBatchRoot: {fileID: 0}
  m_ProbeAnchor: {fileID: 0}
  m_LightProbeVolumeOverride: {fileID: 0}
  m_ScaleInLightmap: 1
  m_PreserveUVs: 0
  m_IgnoreNormalsForChartDetection: 0
  m_ImportantGI: 0
  m_StitchLightmapSeams: 0
  m_SelectedEditorRenderState: 0
  m_MinimumChartSize: 4
  m_AutoUVMaxDistance: 0.5
  m_AutoUVMaxAngle: 89
  m_LightmapParameters: {fileID: 0}
  m_SortingLayerID: 0
  m_SortingLayer: 0
  m_SortingOrder: 0
  m_Sprite: {fileID: 21300000, guid: 8d6d06ca0b348c54789b382e4ee85725, type: 3}
  m_Color: {r: 1, g: 1, b: 1, a: 1}
  m_FlipX: 0
  m_FlipY: 0
  m_DrawMode: 0
  m_Size: {x: 1.74, y: 3.82}
  m_AdaptiveModeThreshold: 0.5
  m_SpriteTileMode: 0
  m_WasSpriteAssigned: 1
  m_MaskInteraction: 0
  m_SpriteSortPoint: 0
--- !u!212 &212540401002983648
SpriteRenderer:
  m_ObjectHideFlags: 1
  m_CorrespondingSourceObject: {fileID: 0}
  m_PrefabInternal: {fileID: 100100000}
  m_GameObject: {fileID: 1732626971716926}
  m_Enabled: 1
  m_CastShadows: 0
  m_ReceiveShadows: 0
  m_DynamicOccludee: 1
  m_MotionVectors: 1
  m_LightProbeUsage: 1
  m_ReflectionProbeUsage: 1
  m_RenderingLayerMask: 4294967295
  m_Materials:
  - {fileID: 10754, guid: 0000000000000000f000000000000000, type: 0}
  m_StaticBatchInfo:
    firstSubMesh: 0
    subMeshCount: 0
  m_StaticBatchRoot: {fileID: 0}
  m_ProbeAnchor: {fileID: 0}
  m_LightProbeVolumeOverride: {fileID: 0}
  m_ScaleInLightmap: 1
  m_PreserveUVs: 0
  m_IgnoreNormalsForChartDetection: 0
  m_ImportantGI: 0
  m_StitchLightmapSeams: 0
  m_SelectedEditorRenderState: 0
  m_MinimumChartSize: 4
  m_AutoUVMaxDistance: 0.5
  m_AutoUVMaxAngle: 89
  m_LightmapParameters: {fileID: 0}
  m_SortingLayerID: 0
  m_SortingLayer: 0
  m_SortingOrder: -1
  m_Sprite: {fileID: 21300000, guid: bfa6eef6b2556da4c8415de3cc05dbfa, type: 3}
  m_Color: {r: 0.18191527, g: 0.19576982, b: 0.5283019, a: 1}
  m_FlipX: 0
  m_FlipY: 0
  m_DrawMode: 0
  m_Size: {x: 0.16, y: 0.16}
  m_AdaptiveModeThreshold: 0.5
  m_SpriteTileMode: 0
  m_WasSpriteAssigned: 1
  m_MaskInteraction: 0
  m_SpriteSortPoint: 0
--- !u!212 &212705691392877872
SpriteRenderer:
  m_ObjectHideFlags: 1
  m_CorrespondingSourceObject: {fileID: 0}
  m_PrefabInternal: {fileID: 100100000}
  m_GameObject: {fileID: 1019437671870452}
  m_Enabled: 1
  m_CastShadows: 0
  m_ReceiveShadows: 0
  m_DynamicOccludee: 1
  m_MotionVectors: 1
  m_LightProbeUsage: 1
  m_ReflectionProbeUsage: 1
  m_RenderingLayerMask: 4294967295
  m_Materials:
  - {fileID: 10754, guid: 0000000000000000f000000000000000, type: 0}
  m_StaticBatchInfo:
    firstSubMesh: 0
    subMeshCount: 0
  m_StaticBatchRoot: {fileID: 0}
  m_ProbeAnchor: {fileID: 0}
  m_LightProbeVolumeOverride: {fileID: 0}
  m_ScaleInLightmap: 1
  m_PreserveUVs: 0
  m_IgnoreNormalsForChartDetection: 0
  m_ImportantGI: 0
  m_StitchLightmapSeams: 0
  m_SelectedEditorRenderState: 0
  m_MinimumChartSize: 4
  m_AutoUVMaxDistance: 0.5
  m_AutoUVMaxAngle: 89
  m_LightmapParameters: {fileID: 0}
  m_SortingLayerID: 0
  m_SortingLayer: 0
  m_SortingOrder: -1
  m_Sprite: {fileID: 21300000, guid: bfa6eef6b2556da4c8415de3cc05dbfa, type: 3}
  m_Color: {r: 0.18191527, g: 0.19576982, b: 0.5283019, a: 1}
  m_FlipX: 0
  m_FlipY: 0
  m_DrawMode: 0
  m_Size: {x: 0.16, y: 0.16}
  m_AdaptiveModeThreshold: 0.5
  m_SpriteTileMode: 0
  m_WasSpriteAssigned: 1
  m_MaskInteraction: 0
  m_SpriteSortPoint: 0
--- !u!212 &212724987678794996
SpriteRenderer:
  m_ObjectHideFlags: 1
  m_CorrespondingSourceObject: {fileID: 0}
  m_PrefabInternal: {fileID: 100100000}
  m_GameObject: {fileID: 1708647929843884}
  m_Enabled: 1
  m_CastShadows: 0
  m_ReceiveShadows: 0
  m_DynamicOccludee: 1
  m_MotionVectors: 1
  m_LightProbeUsage: 1
  m_ReflectionProbeUsage: 1
  m_RenderingLayerMask: 4294967295
  m_Materials:
  - {fileID: 10754, guid: 0000000000000000f000000000000000, type: 0}
  m_StaticBatchInfo:
    firstSubMesh: 0
    subMeshCount: 0
  m_StaticBatchRoot: {fileID: 0}
  m_ProbeAnchor: {fileID: 0}
  m_LightProbeVolumeOverride: {fileID: 0}
  m_ScaleInLightmap: 1
  m_PreserveUVs: 0
  m_IgnoreNormalsForChartDetection: 0
  m_ImportantGI: 0
  m_StitchLightmapSeams: 0
  m_SelectedEditorRenderState: 0
  m_MinimumChartSize: 4
  m_AutoUVMaxDistance: 0.5
  m_AutoUVMaxAngle: 89
  m_LightmapParameters: {fileID: 0}
  m_SortingLayerID: 0
  m_SortingLayer: 0
  m_SortingOrder: 0
  m_Sprite: {fileID: 21300000, guid: 8d6d06ca0b348c54789b382e4ee85725, type: 3}
  m_Color: {r: 1, g: 1, b: 1, a: 1}
  m_FlipX: 0
  m_FlipY: 0
  m_DrawMode: 0
  m_Size: {x: 1.74, y: 3.82}
  m_AdaptiveModeThreshold: 0.5
  m_SpriteTileMode: 0
  m_WasSpriteAssigned: 1
  m_MaskInteraction: 0
  m_SpriteSortPoint: 0
--- !u!212 &212900600207127130
SpriteRenderer:
  m_ObjectHideFlags: 1
  m_CorrespondingSourceObject: {fileID: 0}
  m_PrefabInternal: {fileID: 100100000}
  m_GameObject: {fileID: 1236998229327624}
  m_Enabled: 1
  m_CastShadows: 0
  m_ReceiveShadows: 0
  m_DynamicOccludee: 1
  m_MotionVectors: 1
  m_LightProbeUsage: 1
  m_ReflectionProbeUsage: 1
  m_RenderingLayerMask: 4294967295
  m_Materials:
  - {fileID: 10754, guid: 0000000000000000f000000000000000, type: 0}
  m_StaticBatchInfo:
    firstSubMesh: 0
    subMeshCount: 0
  m_StaticBatchRoot: {fileID: 0}
  m_ProbeAnchor: {fileID: 0}
  m_LightProbeVolumeOverride: {fileID: 0}
  m_ScaleInLightmap: 1
  m_PreserveUVs: 0
  m_IgnoreNormalsForChartDetection: 0
  m_ImportantGI: 0
  m_StitchLightmapSeams: 0
  m_SelectedEditorRenderState: 0
  m_MinimumChartSize: 4
  m_AutoUVMaxDistance: 0.5
  m_AutoUVMaxAngle: 89
  m_LightmapParameters: {fileID: 0}
  m_SortingLayerID: 0
  m_SortingLayer: 0
  m_SortingOrder: -1
  m_Sprite: {fileID: 21300000, guid: bfa6eef6b2556da4c8415de3cc05dbfa, type: 3}
  m_Color: {r: 0.18191527, g: 0.19576982, b: 0.5283019, a: 1}
  m_FlipX: 0
  m_FlipY: 0
  m_DrawMode: 0
  m_Size: {x: 0.16, y: 0.16}
  m_AdaptiveModeThreshold: 0.5
  m_SpriteTileMode: 0
  m_WasSpriteAssigned: 1
  m_MaskInteraction: 0
  m_SpriteSortPoint: 0
--- !u!212 &212935896626560038
SpriteRenderer:
  m_ObjectHideFlags: 1
  m_CorrespondingSourceObject: {fileID: 0}
  m_PrefabInternal: {fileID: 100100000}
  m_GameObject: {fileID: 1474826507335896}
  m_Enabled: 1
  m_CastShadows: 0
  m_ReceiveShadows: 0
  m_DynamicOccludee: 1
  m_MotionVectors: 1
  m_LightProbeUsage: 1
  m_ReflectionProbeUsage: 1
  m_RenderingLayerMask: 4294967295
  m_Materials:
  - {fileID: 10754, guid: 0000000000000000f000000000000000, type: 0}
  m_StaticBatchInfo:
    firstSubMesh: 0
    subMeshCount: 0
  m_StaticBatchRoot: {fileID: 0}
  m_ProbeAnchor: {fileID: 0}
  m_LightProbeVolumeOverride: {fileID: 0}
  m_ScaleInLightmap: 1
  m_PreserveUVs: 0
  m_IgnoreNormalsForChartDetection: 0
  m_ImportantGI: 0
  m_StitchLightmapSeams: 0
  m_SelectedEditorRenderState: 0
  m_MinimumChartSize: 4
  m_AutoUVMaxDistance: 0.5
  m_AutoUVMaxAngle: 89
  m_LightmapParameters: {fileID: 0}
  m_SortingLayerID: 0
  m_SortingLayer: 0
  m_SortingOrder: 0
  m_Sprite: {fileID: 21300000, guid: 8d6d06ca0b348c54789b382e4ee85725, type: 3}
  m_Color: {r: 1, g: 1, b: 1, a: 1}
  m_FlipX: 0
  m_FlipY: 0
  m_DrawMode: 0
  m_Size: {x: 1.74, y: 3.82}
  m_AdaptiveModeThreshold: 0.5
  m_SpriteTileMode: 0
  m_WasSpriteAssigned: 1
  m_MaskInteraction: 0
  m_SpriteSortPoint: 0
