%YAML 1.1
%TAG !u! tag:unity3d.com,2011:
--- !u!1001 &100100000
Prefab:
  m_ObjectHideFlags: 1
  serializedVersion: 2
  m_Modification:
    m_TransformParent: {fileID: 0}
    m_Modifications: []
    m_RemovedComponents: []
  m_SourcePrefab: {fileID: 0}
  m_RootGameObject: {fileID: 1140448342733618}
  m_IsPrefabAsset: 1
--- !u!1 &1140448342733618
GameObject:
  m_ObjectHideFlags: 0
  m_CorrespondingSourceObject: {fileID: 0}
  m_PrefabInternal: {fileID: 100100000}
  serializedVersion: 6
  m_Component:
  - component: {fileID: 4640950539650790}
  m_Layer: 0
  m_Name: Level 8
  m_TagString: Untagged
  m_Icon: {fileID: 0}
  m_NavMeshLayer: 0
  m_StaticEditorFlags: 0
  m_IsActive: 1
--- !u!1 &1156104478856562
GameObject:
  m_ObjectHideFlags: 0
  m_CorrespondingSourceObject: {fileID: 0}
  m_PrefabInternal: {fileID: 100100000}
  serializedVersion: 6
  m_Component:
  - component: {fileID: 4584242036806104}
  - component: {fileID: 212177700185044138}
  - component: {fileID: 60974282996310622}
  - component: {fileID: 114839596687729086}
  m_Layer: 0
  m_Name: spike (12)
  m_TagString: Untagged
  m_Icon: {fileID: 0}
  m_NavMeshLayer: 0
  m_StaticEditorFlags: 0
  m_IsActive: 1
--- !u!1 &1268443944511598
GameObject:
  m_ObjectHideFlags: 0
  m_CorrespondingSourceObject: {fileID: 0}
  m_PrefabInternal: {fileID: 100100000}
  serializedVersion: 6
  m_Component:
  - component: {fileID: 4423408709976564}
  - component: {fileID: 212034111551897782}
  - component: {fileID: 60907477957714030}
  - component: {fileID: 114468219643154682}
  m_Layer: 0
  m_Name: spike (10)
  m_TagString: Untagged
  m_Icon: {fileID: 0}
  m_NavMeshLayer: 0
  m_StaticEditorFlags: 0
  m_IsActive: 1
--- !u!1 &1354186224559666
GameObject:
  m_ObjectHideFlags: 0
  m_CorrespondingSourceObject: {fileID: 0}
  m_PrefabInternal: {fileID: 100100000}
  serializedVersion: 6
  m_Component:
  - component: {fileID: 4989064281956718}
  - component: {fileID: 212109522824034096}
  - component: {fileID: 61623492890216862}
  - component: {fileID: 114407753711529092}
  m_Layer: 0
  m_Name: Spike
  m_TagString: Untagged
  m_Icon: {fileID: 0}
  m_NavMeshLayer: 0
  m_StaticEditorFlags: 0
  m_IsActive: 0
--- !u!1 &1377643543854318
GameObject:
  m_ObjectHideFlags: 0
  m_CorrespondingSourceObject: {fileID: 0}
  m_PrefabInternal: {fileID: 100100000}
  serializedVersion: 6
  m_Component:
  - component: {fileID: 4708430937846224}
  - component: {fileID: 212627119697305842}
  - component: {fileID: 61466632717499976}
  - component: {fileID: 114146318712075426}
  m_Layer: 0
  m_Name: Spike
  m_TagString: Untagged
  m_Icon: {fileID: 0}
  m_NavMeshLayer: 0
  m_StaticEditorFlags: 0
  m_IsActive: 0
--- !u!1 &1396997657061076
GameObject:
  m_ObjectHideFlags: 0
  m_CorrespondingSourceObject: {fileID: 0}
  m_PrefabInternal: {fileID: 100100000}
  serializedVersion: 6
  m_Component:
  - component: {fileID: 4101556756752736}
  - component: {fileID: 212788306123668990}
  - component: {fileID: 61543067813770614}
  - component: {fileID: 114933930160221012}
  m_Layer: 0
  m_Name: Spike
  m_TagString: Untagged
  m_Icon: {fileID: 0}
  m_NavMeshLayer: 0
  m_StaticEditorFlags: 0
  m_IsActive: 0
--- !u!1 &1418750451726284
GameObject:
  m_ObjectHideFlags: 0
  m_CorrespondingSourceObject: {fileID: 0}
  m_PrefabInternal: {fileID: 100100000}
  serializedVersion: 6
  m_Component:
  - component: {fileID: 4193039201152488}
  - component: {fileID: 212332224463486318}
  - component: {fileID: 60232026226968248}
  - component: {fileID: 114366005115867728}
  m_Layer: 0
  m_Name: spike (8)
  m_TagString: Untagged
  m_Icon: {fileID: 0}
  m_NavMeshLayer: 0
  m_StaticEditorFlags: 0
  m_IsActive: 1
--- !u!1 &1427811833008914
GameObject:
  m_ObjectHideFlags: 0
  m_CorrespondingSourceObject: {fileID: 0}
  m_PrefabInternal: {fileID: 100100000}
  serializedVersion: 6
  m_Component:
  - component: {fileID: 4082134219600390}
  - component: {fileID: 212348355672677652}
  - component: {fileID: 60905940891612560}
  - component: {fileID: 114501700210924050}
  m_Layer: 0
  m_Name: spike (9)
  m_TagString: Untagged
  m_Icon: {fileID: 0}
  m_NavMeshLayer: 0
  m_StaticEditorFlags: 0
  m_IsActive: 1
--- !u!1 &1462259843610446
GameObject:
  m_ObjectHideFlags: 0
  m_CorrespondingSourceObject: {fileID: 0}
  m_PrefabInternal: {fileID: 100100000}
  serializedVersion: 6
  m_Component:
  - component: {fileID: 4632415606743624}
  - component: {fileID: 212292961170737132}
  - component: {fileID: 60859614019906774}
  - component: {fileID: 114158338190468300}
  m_Layer: 0
  m_Name: spike (11)
  m_TagString: Untagged
  m_Icon: {fileID: 0}
  m_NavMeshLayer: 0
  m_StaticEditorFlags: 0
  m_IsActive: 1
--- !u!1 &1898860839476332
GameObject:
  m_ObjectHideFlags: 0
  m_CorrespondingSourceObject: {fileID: 0}
  m_PrefabInternal: {fileID: 100100000}
  serializedVersion: 6
  m_Component:
  - component: {fileID: 4293682281038872}
  - component: {fileID: 212563715532118768}
  - component: {fileID: 61365983054463466}
  - component: {fileID: 114730478392794886}
  m_Layer: 0
  m_Name: Spike
  m_TagString: Untagged
  m_Icon: {fileID: 0}
  m_NavMeshLayer: 0
  m_StaticEditorFlags: 0
  m_IsActive: 0
--- !u!1 &1984311077635158
GameObject:
  m_ObjectHideFlags: 0
  m_CorrespondingSourceObject: {fileID: 0}
  m_PrefabInternal: {fileID: 100100000}
  serializedVersion: 6
  m_Component:
  - component: {fileID: 4458318482846258}
  - component: {fileID: 212900837664157682}
  - component: {fileID: 61236498705072496}
  - component: {fileID: 114400646940678952}
  m_Layer: 0
  m_Name: Spike
  m_TagString: Untagged
  m_Icon: {fileID: 0}
  m_NavMeshLayer: 0
  m_StaticEditorFlags: 0
  m_IsActive: 0
--- !u!4 &4082134219600390
Transform:
  m_ObjectHideFlags: 1
  m_CorrespondingSourceObject: {fileID: 0}
  m_PrefabInternal: {fileID: 100100000}
  m_GameObject: {fileID: 1427811833008914}
  m_LocalRotation: {x: -0, y: -0, z: -0.7071068, w: 0.7071068}
  m_LocalPosition: {x: -2.46, y: 0.56, z: 0}
  m_LocalScale: {x: 1.0000005, y: 1.0000005, z: 1}
  m_Children: []
  m_Father: {fileID: 4640950539650790}
  m_RootOrder: 6
  m_LocalEulerAnglesHint: {x: 0, y: 0, z: -90}
--- !u!4 &4101556756752736
Transform:
  m_ObjectHideFlags: 1
  m_CorrespondingSourceObject: {fileID: 0}
  m_PrefabInternal: {fileID: 100100000}
  m_GameObject: {fileID: 1396997657061076}
  m_LocalRotation: {x: -0, y: -0, z: -0, w: 1}
  m_LocalPosition: {x: -1.98, y: 1.45, z: 0}
  m_LocalScale: {x: 6.13304, y: 2.8492498, z: 1.0837799}
  m_Children: []
  m_Father: {fileID: 4640950539650790}
  m_RootOrder: 2
  m_LocalEulerAnglesHint: {x: 0, y: 0, z: 0}
--- !u!4 &4193039201152488
Transform:
  m_ObjectHideFlags: 1
  m_CorrespondingSourceObject: {fileID: 0}
  m_PrefabInternal: {fileID: 100100000}
  m_GameObject: {fileID: 1418750451726284}
  m_LocalRotation: {x: -0, y: -0, z: -0.7071068, w: 0.7071068}
  m_LocalPosition: {x: -2.46, y: -0.44, z: 0}
  m_LocalScale: {x: 1, y: 1, z: 1}
  m_Children: []
  m_Father: {fileID: 4640950539650790}
  m_RootOrder: 5
  m_LocalEulerAnglesHint: {x: 0, y: 0, z: -90}
--- !u!4 &4293682281038872
Transform:
  m_ObjectHideFlags: 1
  m_CorrespondingSourceObject: {fileID: 0}
  m_PrefabInternal: {fileID: 100100000}
  m_GameObject: {fileID: 1898860839476332}
  m_LocalRotation: {x: -0, y: -0, z: -0, w: 1}
  m_LocalPosition: {x: -1.98, y: 0.55, z: 0}
  m_LocalScale: {x: 6.13304, y: 2.8492498, z: 1.0837799}
  m_Children: []
  m_Father: {fileID: 4640950539650790}
  m_RootOrder: 1
  m_LocalEulerAnglesHint: {x: 0, y: 0, z: 0}
--- !u!4 &4423408709976564
Transform:
  m_ObjectHideFlags: 1
  m_CorrespondingSourceObject: {fileID: 0}
  m_PrefabInternal: {fileID: 100100000}
  m_GameObject: {fileID: 1268443944511598}
  m_LocalRotation: {x: -0, y: -0, z: -0.7071068, w: 0.7071068}
  m_LocalPosition: {x: -2.46, y: 1.47, z: 0}
  m_LocalScale: {x: 1.0000005, y: 1.0000005, z: 1}
  m_Children: []
  m_Father: {fileID: 4640950539650790}
  m_RootOrder: 7
  m_LocalEulerAnglesHint: {x: 0, y: 0, z: -90}
--- !u!4 &4458318482846258
Transform:
  m_ObjectHideFlags: 1
  m_CorrespondingSourceObject: {fileID: 0}
  m_PrefabInternal: {fileID: 100100000}
  m_GameObject: {fileID: 1984311077635158}
  m_LocalRotation: {x: -0, y: -0, z: -0, w: 1}
  m_LocalPosition: {x: -1.98, y: -0.47, z: 0}
  m_LocalScale: {x: 6.13304, y: 2.8492498, z: 1.0837799}
  m_Children: []
  m_Father: {fileID: 4640950539650790}
  m_RootOrder: 3
  m_LocalEulerAnglesHint: {x: 0, y: 0, z: 0}
--- !u!4 &4584242036806104
Transform:
  m_ObjectHideFlags: 1
  m_CorrespondingSourceObject: {fileID: 0}
  m_PrefabInternal: {fileID: 100100000}
  m_GameObject: {fileID: 1156104478856562}
  m_LocalRotation: {x: -0, y: -0, z: -0.7071068, w: 0.7071068}
  m_LocalPosition: {x: -2.46, y: 3.04, z: 0}
  m_LocalScale: {x: 1.0000005, y: 1.0000005, z: 1}
  m_Children: []
  m_Father: {fileID: 4640950539650790}
  m_RootOrder: 9
  m_LocalEulerAnglesHint: {x: 0, y: 0, z: -90}
--- !u!4 &4632415606743624
Transform:
  m_ObjectHideFlags: 1
  m_CorrespondingSourceObject: {fileID: 0}
  m_PrefabInternal: {fileID: 100100000}
  m_GameObject: {fileID: 1462259843610446}
  m_LocalRotation: {x: -0, y: -0, z: -0.7071068, w: 0.7071068}
  m_LocalPosition: {x: -2.46, y: 2.33, z: 0}
  m_LocalScale: {x: 1.0000005, y: 1.0000005, z: 1}
  m_Children: []
  m_Father: {fileID: 4640950539650790}
  m_RootOrder: 8
  m_LocalEulerAnglesHint: {x: 0, y: 0, z: -90}
--- !u!4 &4640950539650790
Transform:
  m_ObjectHideFlags: 1
  m_CorrespondingSourceObject: {fileID: 0}
  m_PrefabInternal: {fileID: 100100000}
  m_GameObject: {fileID: 1140448342733618}
  m_LocalRotation: {x: 0, y: 0, z: 0, w: 1}
  m_LocalPosition: {x: 0.2, y: -0.37, z: 0}
  m_LocalScale: {x: 1, y: 1, z: 1}
  m_Children:
  - {fileID: 4708430937846224}
  - {fileID: 4293682281038872}
  - {fileID: 4101556756752736}
  - {fileID: 4458318482846258}
  - {fileID: 4989064281956718}
  - {fileID: 4193039201152488}
  - {fileID: 4082134219600390}
  - {fileID: 4423408709976564}
  - {fileID: 4632415606743624}
  - {fileID: 4584242036806104}
  m_Father: {fileID: 0}
  m_RootOrder: 0
  m_LocalEulerAnglesHint: {x: 0, y: 0, z: 0}
--- !u!4 &4708430937846224
Transform:
  m_ObjectHideFlags: 1
  m_CorrespondingSourceObject: {fileID: 0}
  m_PrefabInternal: {fileID: 100100000}
  m_GameObject: {fileID: 1377643543854318}
  m_LocalRotation: {x: -0, y: -0, z: -0, w: 1}
  m_LocalPosition: {x: -1.98, y: 3.04, z: 0}
  m_LocalScale: {x: 6.133035, y: 2.849253, z: 1.0837799}
  m_Children: []
  m_Father: {fileID: 4640950539650790}
  m_RootOrder: 0
  m_LocalEulerAnglesHint: {x: 0, y: 0, z: 0}
--- !u!4 &4989064281956718
Transform:
  m_ObjectHideFlags: 1
  m_CorrespondingSourceObject: {fileID: 0}
  m_PrefabInternal: {fileID: 100100000}
  m_GameObject: {fileID: 1354186224559666}
  m_LocalRotation: {x: -0, y: -0, z: -0, w: 1}
  m_LocalPosition: {x: -1.98, y: 2.31, z: 0}
  m_LocalScale: {x: 6.13304, y: 2.8492498, z: 1.0837799}
  m_Children: []
  m_Father: {fileID: 4640950539650790}
  m_RootOrder: 4
  m_LocalEulerAnglesHint: {x: 0, y: 0, z: 0}
--- !u!60 &60232026226968248
PolygonCollider2D:
  m_ObjectHideFlags: 1
  m_CorrespondingSourceObject: {fileID: 0}
  m_PrefabInternal: {fileID: 100100000}
  m_GameObject: {fileID: 1418750451726284}
  m_Enabled: 1
  m_Density: 1
  m_Material: {fileID: 0}
  m_IsTrigger: 0
  m_UsedByEffector: 0
  m_UsedByComposite: 0
  m_Offset: {x: 0, y: 0}
  m_SpriteTilingProperty:
    border: {x: 0, y: 0, z: 0, w: 0}
    pivot: {x: 0.5, y: 0.5}
    oldSize: {x: 0.87, y: 1.91}
    newSize: {x: 1.74, y: 3.82}
    adaptiveTilingThreshold: 0.5
    drawMode: 0
    adaptiveTiling: 0
  m_AutoTiling: 0
  m_Points:
    m_Paths:
    - - {x: 0.41, y: -0.84499997}
      - {x: 0.36499998, y: -0.755}
      - {x: 0.355, y: -0.49499997}
      - {x: 0.24, y: -0.31}
      - {x: 0.24499999, y: -0.044999998}
      - {x: 0.21, y: 0.055}
      - {x: 0.16499999, y: 0.155}
      - {x: 0.195, y: 0.405}
      - {x: 0.13, y: 0.515}
      - {x: 0.114999995, y: 0.60499996}
      - {x: 0.114999995, y: 0.815}
      - {x: 0.089999996, y: 0.89}
      - {x: 0.065, y: 0.93}
      - {x: 0.04, y: 0.935}
      - {x: 0.01, y: 0.935}
      - {x: -0.02, y: 0.91499996}
      - {x: -0.11, y: 0.715}
      - {x: -0.13499999, y: 0.645}
      - {x: -0.13, y: 0.53999996}
      - {x: -0.14999999, y: 0.31}
      - {x: -0.19, y: 0.225}
      - {x: -0.21, y: 0.049999997}
      - {x: -0.195, y: -0.03}
      - {x: -0.185, y: -0.089999996}
      - {x: -0.28, y: -0.315}
      - {x: -0.265, y: -0.415}
      - {x: -0.265, y: -0.58}
      - {x: -0.32, y: -0.705}
      - {x: -0.32999998, y: -0.73499995}
      - {x: -0.375, y: -0.835}
      - {x: -0.385, y: -0.87}
      - {x: -0.385, y: -0.935}
      - {x: -0.37, y: -0.955}
      - {x: 0.39999998, y: -0.955}
      - {x: 0.415, y: -0.935}
      - {x: 0.415, y: -0.865}
--- !u!60 &60859614019906774
PolygonCollider2D:
  m_ObjectHideFlags: 1
  m_CorrespondingSourceObject: {fileID: 0}
  m_PrefabInternal: {fileID: 100100000}
  m_GameObject: {fileID: 1462259843610446}
  m_Enabled: 1
  m_Density: 1
  m_Material: {fileID: 0}
  m_IsTrigger: 0
  m_UsedByEffector: 0
  m_UsedByComposite: 0
  m_Offset: {x: 0, y: 0}
  m_SpriteTilingProperty:
    border: {x: 0, y: 0, z: 0, w: 0}
    pivot: {x: 0.5, y: 0.5}
    oldSize: {x: 0.87, y: 1.91}
    newSize: {x: 1.74, y: 3.82}
    adaptiveTilingThreshold: 0.5
    drawMode: 0
    adaptiveTiling: 0
  m_AutoTiling: 0
  m_Points:
    m_Paths:
    - - {x: 0.41, y: -0.84499997}
      - {x: 0.36499998, y: -0.755}
      - {x: 0.355, y: -0.49499997}
      - {x: 0.24, y: -0.31}
      - {x: 0.24499999, y: -0.044999998}
      - {x: 0.21, y: 0.055}
      - {x: 0.16499999, y: 0.155}
      - {x: 0.195, y: 0.405}
      - {x: 0.13, y: 0.515}
      - {x: 0.114999995, y: 0.60499996}
      - {x: 0.114999995, y: 0.815}
      - {x: 0.089999996, y: 0.89}
      - {x: 0.065, y: 0.93}
      - {x: 0.04, y: 0.935}
      - {x: 0.01, y: 0.935}
      - {x: -0.02, y: 0.91499996}
      - {x: -0.11, y: 0.715}
      - {x: -0.13499999, y: 0.645}
      - {x: -0.13, y: 0.53999996}
      - {x: -0.14999999, y: 0.31}
      - {x: -0.19, y: 0.225}
      - {x: -0.21, y: 0.049999997}
      - {x: -0.195, y: -0.03}
      - {x: -0.185, y: -0.089999996}
      - {x: -0.28, y: -0.315}
      - {x: -0.265, y: -0.415}
      - {x: -0.265, y: -0.58}
      - {x: -0.32, y: -0.705}
      - {x: -0.32999998, y: -0.73499995}
      - {x: -0.375, y: -0.835}
      - {x: -0.385, y: -0.87}
      - {x: -0.385, y: -0.935}
      - {x: -0.37, y: -0.955}
      - {x: 0.39999998, y: -0.955}
      - {x: 0.415, y: -0.935}
      - {x: 0.415, y: -0.865}
--- !u!60 &60905940891612560
PolygonCollider2D:
  m_ObjectHideFlags: 1
  m_CorrespondingSourceObject: {fileID: 0}
  m_PrefabInternal: {fileID: 100100000}
  m_GameObject: {fileID: 1427811833008914}
  m_Enabled: 1
  m_Density: 1
  m_Material: {fileID: 0}
  m_IsTrigger: 0
  m_UsedByEffector: 0
  m_UsedByComposite: 0
  m_Offset: {x: 0, y: 0}
  m_SpriteTilingProperty:
    border: {x: 0, y: 0, z: 0, w: 0}
    pivot: {x: 0.5, y: 0.5}
    oldSize: {x: 0.87, y: 1.91}
    newSize: {x: 1.74, y: 3.82}
    adaptiveTilingThreshold: 0.5
    drawMode: 0
    adaptiveTiling: 0
  m_AutoTiling: 0
  m_Points:
    m_Paths:
    - - {x: 0.41, y: -0.84499997}
      - {x: 0.36499998, y: -0.755}
      - {x: 0.355, y: -0.49499997}
      - {x: 0.24, y: -0.31}
      - {x: 0.24499999, y: -0.044999998}
      - {x: 0.21, y: 0.055}
      - {x: 0.16499999, y: 0.155}
      - {x: 0.195, y: 0.405}
      - {x: 0.13, y: 0.515}
      - {x: 0.114999995, y: 0.60499996}
      - {x: 0.114999995, y: 0.815}
      - {x: 0.089999996, y: 0.89}
      - {x: 0.065, y: 0.93}
      - {x: 0.04, y: 0.935}
      - {x: 0.01, y: 0.935}
      - {x: -0.02, y: 0.91499996}
      - {x: -0.11, y: 0.715}
      - {x: -0.13499999, y: 0.645}
      - {x: -0.13, y: 0.53999996}
      - {x: -0.14999999, y: 0.31}
      - {x: -0.19, y: 0.225}
      - {x: -0.21, y: 0.049999997}
      - {x: -0.195, y: -0.03}
      - {x: -0.185, y: -0.089999996}
      - {x: -0.28, y: -0.315}
      - {x: -0.265, y: -0.415}
      - {x: -0.265, y: -0.58}
      - {x: -0.32, y: -0.705}
      - {x: -0.32999998, y: -0.73499995}
      - {x: -0.375, y: -0.835}
      - {x: -0.385, y: -0.87}
      - {x: -0.385, y: -0.935}
      - {x: -0.37, y: -0.955}
      - {x: 0.39999998, y: -0.955}
      - {x: 0.415, y: -0.935}
      - {x: 0.415, y: -0.865}
--- !u!60 &60907477957714030
PolygonCollider2D:
  m_ObjectHideFlags: 1
  m_CorrespondingSourceObject: {fileID: 0}
  m_PrefabInternal: {fileID: 100100000}
  m_GameObject: {fileID: 1268443944511598}
  m_Enabled: 1
  m_Density: 1
  m_Material: {fileID: 0}
  m_IsTrigger: 0
  m_UsedByEffector: 0
  m_UsedByComposite: 0
  m_Offset: {x: 0, y: 0}
  m_SpriteTilingProperty:
    border: {x: 0, y: 0, z: 0, w: 0}
    pivot: {x: 0.5, y: 0.5}
    oldSize: {x: 0.87, y: 1.91}
    newSize: {x: 1.74, y: 3.82}
    adaptiveTilingThreshold: 0.5
    drawMode: 0
    adaptiveTiling: 0
  m_AutoTiling: 0
  m_Points:
    m_Paths:
    - - {x: 0.41, y: -0.84499997}
      - {x: 0.36499998, y: -0.755}
      - {x: 0.355, y: -0.49499997}
      - {x: 0.24, y: -0.31}
      - {x: 0.24499999, y: -0.044999998}
      - {x: 0.21, y: 0.055}
      - {x: 0.16499999, y: 0.155}
      - {x: 0.195, y: 0.405}
      - {x: 0.13, y: 0.515}
      - {x: 0.114999995, y: 0.60499996}
      - {x: 0.114999995, y: 0.815}
      - {x: 0.089999996, y: 0.89}
      - {x: 0.065, y: 0.93}
      - {x: 0.04, y: 0.935}
      - {x: 0.01, y: 0.935}
      - {x: -0.02, y: 0.91499996}
      - {x: -0.11, y: 0.715}
      - {x: -0.13499999, y: 0.645}
      - {x: -0.13, y: 0.53999996}
      - {x: -0.14999999, y: 0.31}
      - {x: -0.19, y: 0.225}
      - {x: -0.21, y: 0.049999997}
      - {x: -0.195, y: -0.03}
      - {x: -0.185, y: -0.089999996}
      - {x: -0.28, y: -0.315}
      - {x: -0.265, y: -0.415}
      - {x: -0.265, y: -0.58}
      - {x: -0.32, y: -0.705}
      - {x: -0.32999998, y: -0.73499995}
      - {x: -0.375, y: -0.835}
      - {x: -0.385, y: -0.87}
      - {x: -0.385, y: -0.935}
      - {x: -0.37, y: -0.955}
      - {x: 0.39999998, y: -0.955}
      - {x: 0.415, y: -0.935}
      - {x: 0.415, y: -0.865}
--- !u!60 &60974282996310622
PolygonCollider2D:
  m_ObjectHideFlags: 1
  m_CorrespondingSourceObject: {fileID: 0}
  m_PrefabInternal: {fileID: 100100000}
  m_GameObject: {fileID: 1156104478856562}
  m_Enabled: 1
  m_Density: 1
  m_Material: {fileID: 0}
  m_IsTrigger: 0
  m_UsedByEffector: 0
  m_UsedByComposite: 0
  m_Offset: {x: 0, y: 0}
  m_SpriteTilingProperty:
    border: {x: 0, y: 0, z: 0, w: 0}
    pivot: {x: 0.5, y: 0.5}
    oldSize: {x: 0.87, y: 1.91}
    newSize: {x: 1.74, y: 3.82}
    adaptiveTilingThreshold: 0.5
    drawMode: 0
    adaptiveTiling: 0
  m_AutoTiling: 0
  m_Points:
    m_Paths:
    - - {x: 0.41, y: -0.84499997}
      - {x: 0.36499998, y: -0.755}
      - {x: 0.355, y: -0.49499997}
      - {x: 0.24, y: -0.31}
      - {x: 0.24499999, y: -0.044999998}
      - {x: 0.21, y: 0.055}
      - {x: 0.16499999, y: 0.155}
      - {x: 0.195, y: 0.405}
      - {x: 0.13, y: 0.515}
      - {x: 0.114999995, y: 0.60499996}
      - {x: 0.114999995, y: 0.815}
      - {x: 0.089999996, y: 0.89}
      - {x: 0.065, y: 0.93}
      - {x: 0.04, y: 0.935}
      - {x: 0.01, y: 0.935}
      - {x: -0.02, y: 0.91499996}
      - {x: -0.11, y: 0.715}
      - {x: -0.13499999, y: 0.645}
      - {x: -0.13, y: 0.53999996}
      - {x: -0.14999999, y: 0.31}
      - {x: -0.19, y: 0.225}
      - {x: -0.21, y: 0.049999997}
      - {x: -0.195, y: -0.03}
      - {x: -0.185, y: -0.089999996}
      - {x: -0.28, y: -0.315}
      - {x: -0.265, y: -0.415}
      - {x: -0.265, y: -0.58}
      - {x: -0.32, y: -0.705}
      - {x: -0.32999998, y: -0.73499995}
      - {x: -0.375, y: -0.835}
      - {x: -0.385, y: -0.87}
      - {x: -0.385, y: -0.935}
      - {x: -0.37, y: -0.955}
      - {x: 0.39999998, y: -0.955}
      - {x: 0.415, y: -0.935}
      - {x: 0.415, y: -0.865}
--- !u!61 &61236498705072496
BoxCollider2D:
  m_ObjectHideFlags: 1
  m_CorrespondingSourceObject: {fileID: 0}
  m_PrefabInternal: {fileID: 100100000}
  m_GameObject: {fileID: 1984311077635158}
  m_Enabled: 1
  m_Density: 1
  m_Material: {fileID: 0}
  m_IsTrigger: 0
  m_UsedByEffector: 0
  m_UsedByComposite: 0
  m_Offset: {x: 0, y: 0}
  m_SpriteTilingProperty:
    border: {x: 0, y: 0, z: 0, w: 0}
    pivot: {x: 0.5, y: 0.5}
    oldSize: {x: 0.16, y: 0.16}
    newSize: {x: 0.16, y: 0.16}
    adaptiveTilingThreshold: 0.5
    drawMode: 0
    adaptiveTiling: 0
  m_AutoTiling: 0
  serializedVersion: 2
  m_Size: {x: 0.16, y: 0.16}
  m_EdgeRadius: 0
--- !u!61 &61365983054463466
BoxCollider2D:
  m_ObjectHideFlags: 1
  m_CorrespondingSourceObject: {fileID: 0}
  m_PrefabInternal: {fileID: 100100000}
  m_GameObject: {fileID: 1898860839476332}
  m_Enabled: 1
  m_Density: 1
  m_Material: {fileID: 0}
  m_IsTrigger: 0
  m_UsedByEffector: 0
  m_UsedByComposite: 0
  m_Offset: {x: 0, y: 0}
  m_SpriteTilingProperty:
    border: {x: 0, y: 0, z: 0, w: 0}
    pivot: {x: 0.5, y: 0.5}
    oldSize: {x: 0.16, y: 0.16}
    newSize: {x: 0.16, y: 0.16}
    adaptiveTilingThreshold: 0.5
    drawMode: 0
    adaptiveTiling: 0
  m_AutoTiling: 0
  serializedVersion: 2
  m_Size: {x: 0.16, y: 0.16}
  m_EdgeRadius: 0
--- !u!61 &61466632717499976
BoxCollider2D:
  m_ObjectHideFlags: 1
  m_CorrespondingSourceObject: {fileID: 0}
  m_PrefabInternal: {fileID: 100100000}
  m_GameObject: {fileID: 1377643543854318}
  m_Enabled: 1
  m_Density: 1
  m_Material: {fileID: 0}
  m_IsTrigger: 0
  m_UsedByEffector: 0
  m_UsedByComposite: 0
  m_Offset: {x: 0, y: 0}
  m_SpriteTilingProperty:
    border: {x: 0, y: 0, z: 0, w: 0}
    pivot: {x: 0.5, y: 0.5}
    oldSize: {x: 0.16, y: 0.16}
    newSize: {x: 0.16, y: 0.16}
    adaptiveTilingThreshold: 0.5
    drawMode: 0
    adaptiveTiling: 0
  m_AutoTiling: 0
  serializedVersion: 2
  m_Size: {x: 0.16, y: 0.16}
  m_EdgeRadius: 0
--- !u!61 &61543067813770614
BoxCollider2D:
  m_ObjectHideFlags: 1
  m_CorrespondingSourceObject: {fileID: 0}
  m_PrefabInternal: {fileID: 100100000}
  m_GameObject: {fileID: 1396997657061076}
  m_Enabled: 1
  m_Density: 1
  m_Material: {fileID: 0}
  m_IsTrigger: 0
  m_UsedByEffector: 0
  m_UsedByComposite: 0
  m_Offset: {x: 0, y: 0}
  m_SpriteTilingProperty:
    border: {x: 0, y: 0, z: 0, w: 0}
    pivot: {x: 0.5, y: 0.5}
    oldSize: {x: 0.16, y: 0.16}
    newSize: {x: 0.16, y: 0.16}
    adaptiveTilingThreshold: 0.5
    drawMode: 0
    adaptiveTiling: 0
  m_AutoTiling: 0
  serializedVersion: 2
  m_Size: {x: 0.16, y: 0.16}
  m_EdgeRadius: 0
--- !u!61 &61623492890216862
BoxCollider2D:
  m_ObjectHideFlags: 1
  m_CorrespondingSourceObject: {fileID: 0}
  m_PrefabInternal: {fileID: 100100000}
  m_GameObject: {fileID: 1354186224559666}
  m_Enabled: 1
  m_Density: 1
  m_Material: {fileID: 0}
  m_IsTrigger: 0
  m_UsedByEffector: 0
  m_UsedByComposite: 0
  m_Offset: {x: 0, y: 0}
  m_SpriteTilingProperty:
    border: {x: 0, y: 0, z: 0, w: 0}
    pivot: {x: 0.5, y: 0.5}
    oldSize: {x: 0.16, y: 0.16}
    newSize: {x: 0.16, y: 0.16}
    adaptiveTilingThreshold: 0.5
    drawMode: 0
    adaptiveTiling: 0
  m_AutoTiling: 0
  serializedVersion: 2
  m_Size: {x: 0.16, y: 0.16}
  m_EdgeRadius: 0
--- !u!114 &114146318712075426
MonoBehaviour:
  m_ObjectHideFlags: 1
  m_CorrespondingSourceObject: {fileID: 0}
  m_PrefabInternal: {fileID: 100100000}
  m_GameObject: {fileID: 1377643543854318}
  m_Enabled: 1
  m_EditorHideFlags: 0
  m_Script: {fileID: 11500000, guid: e95ed866de3c4f740ae672aa6bd020bf, type: 3}
  m_Name: 
  m_EditorClassIdentifier: 
  Filter:
    UseScriptable: 0
    variable: Player
    scriptable: {fileID: 0}
  CollideEvent: {fileID: 11400000, guid: 0cab66f8d83c24742b3f4958140b311a, type: 2}
--- !u!114 &114158338190468300
MonoBehaviour:
  m_ObjectHideFlags: 1
  m_CorrespondingSourceObject: {fileID: 0}
  m_PrefabInternal: {fileID: 100100000}
  m_GameObject: {fileID: 1462259843610446}
  m_Enabled: 1
  m_EditorHideFlags: 0
  m_Script: {fileID: 11500000, guid: e95ed866de3c4f740ae672aa6bd020bf, type: 3}
  m_Name: 
  m_EditorClassIdentifier: 
  Filter:
    UseScriptable: 0
    variable: Player
    scriptable: {fileID: 0}
  CollideEvent: {fileID: 11400000, guid: 0cab66f8d83c24742b3f4958140b311a, type: 2}
--- !u!114 &114366005115867728
MonoBehaviour:
  m_ObjectHideFlags: 1
  m_CorrespondingSourceObject: {fileID: 0}
  m_PrefabInternal: {fileID: 100100000}
  m_GameObject: {fileID: 1418750451726284}
  m_Enabled: 1
  m_EditorHideFlags: 0
  m_Script: {fileID: 11500000, guid: e95ed866de3c4f740ae672aa6bd020bf, type: 3}
  m_Name: 
  m_EditorClassIdentifier: 
  Filter:
    UseScriptable: 0
    variable: Player
    scriptable: {fileID: 0}
  CollideEvent: {fileID: 11400000, guid: 0cab66f8d83c24742b3f4958140b311a, type: 2}
--- !u!114 &114400646940678952
MonoBehaviour:
  m_ObjectHideFlags: 1
  m_CorrespondingSourceObject: {fileID: 0}
  m_PrefabInternal: {fileID: 100100000}
  m_GameObject: {fileID: 1984311077635158}
  m_Enabled: 1
  m_EditorHideFlags: 0
  m_Script: {fileID: 11500000, guid: e95ed866de3c4f740ae672aa6bd020bf, type: 3}
  m_Name: 
  m_EditorClassIdentifier: 
  Filter:
    UseScriptable: 0
    variable: Player
    scriptable: {fileID: 0}
  CollideEvent: {fileID: 11400000, guid: 0cab66f8d83c24742b3f4958140b311a, type: 2}
--- !u!114 &114407753711529092
MonoBehaviour:
  m_ObjectHideFlags: 1
  m_CorrespondingSourceObject: {fileID: 0}
  m_PrefabInternal: {fileID: 100100000}
  m_GameObject: {fileID: 1354186224559666}
  m_Enabled: 1
  m_EditorHideFlags: 0
  m_Script: {fileID: 11500000, guid: e95ed866de3c4f740ae672aa6bd020bf, type: 3}
  m_Name: 
  m_EditorClassIdentifier: 
  Filter:
    UseScriptable: 0
    variable: Player
    scriptable: {fileID: 0}
  CollideEvent: {fileID: 11400000, guid: 0cab66f8d83c24742b3f4958140b311a, type: 2}
--- !u!114 &114468219643154682
MonoBehaviour:
  m_ObjectHideFlags: 1
  m_CorrespondingSourceObject: {fileID: 0}
  m_PrefabInternal: {fileID: 100100000}
  m_GameObject: {fileID: 1268443944511598}
  m_Enabled: 1
  m_EditorHideFlags: 0
  m_Script: {fileID: 11500000, guid: e95ed866de3c4f740ae672aa6bd020bf, type: 3}
  m_Name: 
  m_EditorClassIdentifier: 
  Filter:
    UseScriptable: 0
    variable: Player
    scriptable: {fileID: 0}
  CollideEvent: {fileID: 11400000, guid: 0cab66f8d83c24742b3f4958140b311a, type: 2}
--- !u!114 &114501700210924050
MonoBehaviour:
  m_ObjectHideFlags: 1
  m_CorrespondingSourceObject: {fileID: 0}
  m_PrefabInternal: {fileID: 100100000}
  m_GameObject: {fileID: 1427811833008914}
  m_Enabled: 1
  m_EditorHideFlags: 0
  m_Script: {fileID: 11500000, guid: e95ed866de3c4f740ae672aa6bd020bf, type: 3}
  m_Name: 
  m_EditorClassIdentifier: 
  Filter:
    UseScriptable: 0
    variable: Player
    scriptable: {fileID: 0}
  CollideEvent: {fileID: 11400000, guid: 0cab66f8d83c24742b3f4958140b311a, type: 2}
--- !u!114 &114730478392794886
MonoBehaviour:
  m_ObjectHideFlags: 1
  m_CorrespondingSourceObject: {fileID: 0}
  m_PrefabInternal: {fileID: 100100000}
  m_GameObject: {fileID: 1898860839476332}
  m_Enabled: 1
  m_EditorHideFlags: 0
  m_Script: {fileID: 11500000, guid: e95ed866de3c4f740ae672aa6bd020bf, type: 3}
  m_Name: 
  m_EditorClassIdentifier: 
  Filter:
    UseScriptable: 0
    variable: Player
    scriptable: {fileID: 0}
  CollideEvent: {fileID: 11400000, guid: 0cab66f8d83c24742b3f4958140b311a, type: 2}
--- !u!114 &114839596687729086
MonoBehaviour:
  m_ObjectHideFlags: 1
  m_CorrespondingSourceObject: {fileID: 0}
  m_PrefabInternal: {fileID: 100100000}
  m_GameObject: {fileID: 1156104478856562}
  m_Enabled: 1
  m_EditorHideFlags: 0
  m_Script: {fileID: 11500000, guid: e95ed866de3c4f740ae672aa6bd020bf, type: 3}
  m_Name: 
  m_EditorClassIdentifier: 
  Filter:
    UseScriptable: 0
    variable: Player
    scriptable: {fileID: 0}
  CollideEvent: {fileID: 11400000, guid: 0cab66f8d83c24742b3f4958140b311a, type: 2}
--- !u!114 &114933930160221012
MonoBehaviour:
  m_ObjectHideFlags: 1
  m_CorrespondingSourceObject: {fileID: 0}
  m_PrefabInternal: {fileID: 100100000}
  m_GameObject: {fileID: 1396997657061076}
  m_Enabled: 1
  m_EditorHideFlags: 0
  m_Script: {fileID: 11500000, guid: e95ed866de3c4f740ae672aa6bd020bf, type: 3}
  m_Name: 
  m_EditorClassIdentifier: 
  Filter:
    UseScriptable: 0
    variable: Player
    scriptable: {fileID: 0}
  CollideEvent: {fileID: 11400000, guid: 0cab66f8d83c24742b3f4958140b311a, type: 2}
--- !u!212 &212034111551897782
SpriteRenderer:
  m_ObjectHideFlags: 1
  m_CorrespondingSourceObject: {fileID: 0}
  m_PrefabInternal: {fileID: 100100000}
  m_GameObject: {fileID: 1268443944511598}
  m_Enabled: 1
  m_CastShadows: 0
  m_ReceiveShadows: 0
  m_DynamicOccludee: 1
  m_MotionVectors: 1
  m_LightProbeUsage: 1
  m_ReflectionProbeUsage: 1
  m_RenderingLayerMask: 4294967295
  m_Materials:
  - {fileID: 10754, guid: 0000000000000000f000000000000000, type: 0}
  m_StaticBatchInfo:
    firstSubMesh: 0
    subMeshCount: 0
  m_StaticBatchRoot: {fileID: 0}
  m_ProbeAnchor: {fileID: 0}
  m_LightProbeVolumeOverride: {fileID: 0}
  m_ScaleInLightmap: 1
  m_PreserveUVs: 0
  m_IgnoreNormalsForChartDetection: 0
  m_ImportantGI: 0
  m_StitchLightmapSeams: 0
  m_SelectedEditorRenderState: 0
  m_MinimumChartSize: 4
  m_AutoUVMaxDistance: 0.5
  m_AutoUVMaxAngle: 89
  m_LightmapParameters: {fileID: 0}
  m_SortingLayerID: 0
  m_SortingLayer: 0
  m_SortingOrder: 0
  m_Sprite: {fileID: 21300000, guid: 8d6d06ca0b348c54789b382e4ee85725, type: 3}
  m_Color: {r: 1, g: 1, b: 1, a: 1}
  m_FlipX: 0
  m_FlipY: 0
  m_DrawMode: 0
  m_Size: {x: 1.74, y: 3.82}
  m_AdaptiveModeThreshold: 0.5
  m_SpriteTileMode: 0
  m_WasSpriteAssigned: 1
  m_MaskInteraction: 0
  m_SpriteSortPoint: 0
--- !u!212 &212109522824034096
SpriteRenderer:
  m_ObjectHideFlags: 1
  m_CorrespondingSourceObject: {fileID: 0}
  m_PrefabInternal: {fileID: 100100000}
  m_GameObject: {fileID: 1354186224559666}
  m_Enabled: 1
  m_CastShadows: 0
  m_ReceiveShadows: 0
  m_DynamicOccludee: 1
  m_MotionVectors: 1
  m_LightProbeUsage: 1
  m_ReflectionProbeUsage: 1
  m_RenderingLayerMask: 4294967295
  m_Materials:
  - {fileID: 10754, guid: 0000000000000000f000000000000000, type: 0}
  m_StaticBatchInfo:
    firstSubMesh: 0
    subMeshCount: 0
  m_StaticBatchRoot: {fileID: 0}
  m_ProbeAnchor: {fileID: 0}
  m_LightProbeVolumeOverride: {fileID: 0}
  m_ScaleInLightmap: 1
  m_PreserveUVs: 0
  m_IgnoreNormalsForChartDetection: 0
  m_ImportantGI: 0
  m_StitchLightmapSeams: 0
  m_SelectedEditorRenderState: 0
  m_MinimumChartSize: 4
  m_AutoUVMaxDistance: 0.5
  m_AutoUVMaxAngle: 89
  m_LightmapParameters: {fileID: 0}
  m_SortingLayerID: 0
  m_SortingLayer: 0
  m_SortingOrder: -1
  m_Sprite: {fileID: 21300000, guid: bfa6eef6b2556da4c8415de3cc05dbfa, type: 3}
  m_Color: {r: 0.18191527, g: 0.19576982, b: 0.5283019, a: 1}
  m_FlipX: 0
  m_FlipY: 0
  m_DrawMode: 0
  m_Size: {x: 0.16, y: 0.16}
  m_AdaptiveModeThreshold: 0.5
  m_SpriteTileMode: 0
  m_WasSpriteAssigned: 1
  m_MaskInteraction: 0
  m_SpriteSortPoint: 0
--- !u!212 &212177700185044138
SpriteRenderer:
  m_ObjectHideFlags: 1
  m_CorrespondingSourceObject: {fileID: 0}
  m_PrefabInternal: {fileID: 100100000}
  m_GameObject: {fileID: 1156104478856562}
  m_Enabled: 1
  m_CastShadows: 0
  m_ReceiveShadows: 0
  m_DynamicOccludee: 1
  m_MotionVectors: 1
  m_LightProbeUsage: 1
  m_ReflectionProbeUsage: 1
  m_RenderingLayerMask: 4294967295
  m_Materials:
  - {fileID: 10754, guid: 0000000000000000f000000000000000, type: 0}
  m_StaticBatchInfo:
    firstSubMesh: 0
    subMeshCount: 0
  m_StaticBatchRoot: {fileID: 0}
  m_ProbeAnchor: {fileID: 0}
  m_LightProbeVolumeOverride: {fileID: 0}
  m_ScaleInLightmap: 1
  m_PreserveUVs: 0
  m_IgnoreNormalsForChartDetection: 0
  m_ImportantGI: 0
  m_StitchLightmapSeams: 0
  m_SelectedEditorRenderState: 0
  m_MinimumChartSize: 4
  m_AutoUVMaxDistance: 0.5
  m_AutoUVMaxAngle: 89
  m_LightmapParameters: {fileID: 0}
  m_SortingLayerID: 0
  m_SortingLayer: 0
  m_SortingOrder: 0
  m_Sprite: {fileID: 21300000, guid: 8d6d06ca0b348c54789b382e4ee85725, type: 3}
  m_Color: {r: 1, g: 1, b: 1, a: 1}
  m_FlipX: 0
  m_FlipY: 0
  m_DrawMode: 0
  m_Size: {x: 1.74, y: 3.82}
  m_AdaptiveModeThreshold: 0.5
  m_SpriteTileMode: 0
  m_WasSpriteAssigned: 1
  m_MaskInteraction: 0
  m_SpriteSortPoint: 0
--- !u!212 &212292961170737132
SpriteRenderer:
  m_ObjectHideFlags: 1
  m_CorrespondingSourceObject: {fileID: 0}
  m_PrefabInternal: {fileID: 100100000}
  m_GameObject: {fileID: 1462259843610446}
  m_Enabled: 1
  m_CastShadows: 0
  m_ReceiveShadows: 0
  m_DynamicOccludee: 1
  m_MotionVectors: 1
  m_LightProbeUsage: 1
  m_ReflectionProbeUsage: 1
  m_RenderingLayerMask: 4294967295
  m_Materials:
  - {fileID: 10754, guid: 0000000000000000f000000000000000, type: 0}
  m_StaticBatchInfo:
    firstSubMesh: 0
    subMeshCount: 0
  m_StaticBatchRoot: {fileID: 0}
  m_ProbeAnchor: {fileID: 0}
  m_LightProbeVolumeOverride: {fileID: 0}
  m_ScaleInLightmap: 1
  m_PreserveUVs: 0
  m_IgnoreNormalsForChartDetection: 0
  m_ImportantGI: 0
  m_StitchLightmapSeams: 0
  m_SelectedEditorRenderState: 0
  m_MinimumChartSize: 4
  m_AutoUVMaxDistance: 0.5
  m_AutoUVMaxAngle: 89
  m_LightmapParameters: {fileID: 0}
  m_SortingLayerID: 0
  m_SortingLayer: 0
  m_SortingOrder: 0
  m_Sprite: {fileID: 21300000, guid: 8d6d06ca0b348c54789b382e4ee85725, type: 3}
  m_Color: {r: 1, g: 1, b: 1, a: 1}
  m_FlipX: 0
  m_FlipY: 0
  m_DrawMode: 0
  m_Size: {x: 1.74, y: 3.82}
  m_AdaptiveModeThreshold: 0.5
  m_SpriteTileMode: 0
  m_WasSpriteAssigned: 1
  m_MaskInteraction: 0
  m_SpriteSortPoint: 0
--- !u!212 &212332224463486318
SpriteRenderer:
  m_ObjectHideFlags: 1
  m_CorrespondingSourceObject: {fileID: 0}
  m_PrefabInternal: {fileID: 100100000}
  m_GameObject: {fileID: 1418750451726284}
  m_Enabled: 1
  m_CastShadows: 0
  m_ReceiveShadows: 0
  m_DynamicOccludee: 1
  m_MotionVectors: 1
  m_LightProbeUsage: 1
  m_ReflectionProbeUsage: 1
  m_RenderingLayerMask: 4294967295
  m_Materials:
  - {fileID: 10754, guid: 0000000000000000f000000000000000, type: 0}
  m_StaticBatchInfo:
    firstSubMesh: 0
    subMeshCount: 0
  m_StaticBatchRoot: {fileID: 0}
  m_ProbeAnchor: {fileID: 0}
  m_LightProbeVolumeOverride: {fileID: 0}
  m_ScaleInLightmap: 1
  m_PreserveUVs: 0
  m_IgnoreNormalsForChartDetection: 0
  m_ImportantGI: 0
  m_StitchLightmapSeams: 0
  m_SelectedEditorRenderState: 0
  m_MinimumChartSize: 4
  m_AutoUVMaxDistance: 0.5
  m_AutoUVMaxAngle: 89
  m_LightmapParameters: {fileID: 0}
  m_SortingLayerID: 0
  m_SortingLayer: 0
  m_SortingOrder: 0
  m_Sprite: {fileID: 21300000, guid: 8d6d06ca0b348c54789b382e4ee85725, type: 3}
  m_Color: {r: 1, g: 1, b: 1, a: 1}
  m_FlipX: 0
  m_FlipY: 0
  m_DrawMode: 0
  m_Size: {x: 1.74, y: 3.82}
  m_AdaptiveModeThreshold: 0.5
  m_SpriteTileMode: 0
  m_WasSpriteAssigned: 1
  m_MaskInteraction: 0
  m_SpriteSortPoint: 0
--- !u!212 &212348355672677652
SpriteRenderer:
  m_ObjectHideFlags: 1
  m_CorrespondingSourceObject: {fileID: 0}
  m_PrefabInternal: {fileID: 100100000}
  m_GameObject: {fileID: 1427811833008914}
  m_Enabled: 1
  m_CastShadows: 0
  m_ReceiveShadows: 0
  m_DynamicOccludee: 1
  m_MotionVectors: 1
  m_LightProbeUsage: 1
  m_ReflectionProbeUsage: 1
  m_RenderingLayerMask: 4294967295
  m_Materials:
  - {fileID: 10754, guid: 0000000000000000f000000000000000, type: 0}
  m_StaticBatchInfo:
    firstSubMesh: 0
    subMeshCount: 0
  m_StaticBatchRoot: {fileID: 0}
  m_ProbeAnchor: {fileID: 0}
  m_LightProbeVolumeOverride: {fileID: 0}
  m_ScaleInLightmap: 1
  m_PreserveUVs: 0
  m_IgnoreNormalsForChartDetection: 0
  m_ImportantGI: 0
  m_StitchLightmapSeams: 0
  m_SelectedEditorRenderState: 0
  m_MinimumChartSize: 4
  m_AutoUVMaxDistance: 0.5
  m_AutoUVMaxAngle: 89
  m_LightmapParameters: {fileID: 0}
  m_SortingLayerID: 0
  m_SortingLayer: 0
  m_SortingOrder: 0
  m_Sprite: {fileID: 21300000, guid: 8d6d06ca0b348c54789b382e4ee85725, type: 3}
  m_Color: {r: 1, g: 1, b: 1, a: 1}
  m_FlipX: 0
  m_FlipY: 0
  m_DrawMode: 0
  m_Size: {x: 1.74, y: 3.82}
  m_AdaptiveModeThreshold: 0.5
  m_SpriteTileMode: 0
  m_WasSpriteAssigned: 1
  m_MaskInteraction: 0
  m_SpriteSortPoint: 0
--- !u!212 &212563715532118768
SpriteRenderer:
  m_ObjectHideFlags: 1
  m_CorrespondingSourceObject: {fileID: 0}
  m_PrefabInternal: {fileID: 100100000}
  m_GameObject: {fileID: 1898860839476332}
  m_Enabled: 1
  m_CastShadows: 0
  m_ReceiveShadows: 0
  m_DynamicOccludee: 1
  m_MotionVectors: 1
  m_LightProbeUsage: 1
  m_ReflectionProbeUsage: 1
  m_RenderingLayerMask: 4294967295
  m_Materials:
  - {fileID: 10754, guid: 0000000000000000f000000000000000, type: 0}
  m_StaticBatchInfo:
    firstSubMesh: 0
    subMeshCount: 0
  m_StaticBatchRoot: {fileID: 0}
  m_ProbeAnchor: {fileID: 0}
  m_LightProbeVolumeOverride: {fileID: 0}
  m_ScaleInLightmap: 1
  m_PreserveUVs: 0
  m_IgnoreNormalsForChartDetection: 0
  m_ImportantGI: 0
  m_StitchLightmapSeams: 0
  m_SelectedEditorRenderState: 0
  m_MinimumChartSize: 4
  m_AutoUVMaxDistance: 0.5
  m_AutoUVMaxAngle: 89
  m_LightmapParameters: {fileID: 0}
  m_SortingLayerID: 0
  m_SortingLayer: 0
  m_SortingOrder: -1
  m_Sprite: {fileID: 21300000, guid: bfa6eef6b2556da4c8415de3cc05dbfa, type: 3}
  m_Color: {r: 0.18191527, g: 0.19576982, b: 0.5283019, a: 1}
  m_FlipX: 0
  m_FlipY: 0
  m_DrawMode: 0
  m_Size: {x: 0.16, y: 0.16}
  m_AdaptiveModeThreshold: 0.5
  m_SpriteTileMode: 0
  m_WasSpriteAssigned: 1
  m_MaskInteraction: 0
  m_SpriteSortPoint: 0
--- !u!212 &212627119697305842
SpriteRenderer:
  m_ObjectHideFlags: 1
  m_CorrespondingSourceObject: {fileID: 0}
  m_PrefabInternal: {fileID: 100100000}
  m_GameObject: {fileID: 1377643543854318}
  m_Enabled: 1
  m_CastShadows: 0
  m_ReceiveShadows: 0
  m_DynamicOccludee: 1
  m_MotionVectors: 1
  m_LightProbeUsage: 1
  m_ReflectionProbeUsage: 1
  m_RenderingLayerMask: 4294967295
  m_Materials:
  - {fileID: 10754, guid: 0000000000000000f000000000000000, type: 0}
  m_StaticBatchInfo:
    firstSubMesh: 0
    subMeshCount: 0
  m_StaticBatchRoot: {fileID: 0}
  m_ProbeAnchor: {fileID: 0}
  m_LightProbeVolumeOverride: {fileID: 0}
  m_ScaleInLightmap: 1
  m_PreserveUVs: 0
  m_IgnoreNormalsForChartDetection: 0
  m_ImportantGI: 0
  m_StitchLightmapSeams: 0
  m_SelectedEditorRenderState: 0
  m_MinimumChartSize: 4
  m_AutoUVMaxDistance: 0.5
  m_AutoUVMaxAngle: 89
  m_LightmapParameters: {fileID: 0}
  m_SortingLayerID: 0
  m_SortingLayer: 0
  m_SortingOrder: -1
  m_Sprite: {fileID: 21300000, guid: bfa6eef6b2556da4c8415de3cc05dbfa, type: 3}
  m_Color: {r: 0.18191527, g: 0.19576982, b: 0.5283019, a: 1}
  m_FlipX: 0
  m_FlipY: 0
  m_DrawMode: 0
  m_Size: {x: 0.16, y: 0.16}
  m_AdaptiveModeThreshold: 0.5
  m_SpriteTileMode: 0
  m_WasSpriteAssigned: 1
  m_MaskInteraction: 0
  m_SpriteSortPoint: 0
--- !u!212 &212788306123668990
SpriteRenderer:
  m_ObjectHideFlags: 1
  m_CorrespondingSourceObject: {fileID: 0}
  m_PrefabInternal: {fileID: 100100000}
  m_GameObject: {fileID: 1396997657061076}
  m_Enabled: 1
  m_CastShadows: 0
  m_ReceiveShadows: 0
  m_DynamicOccludee: 1
  m_MotionVectors: 1
  m_LightProbeUsage: 1
  m_ReflectionProbeUsage: 1
  m_RenderingLayerMask: 4294967295
  m_Materials:
  - {fileID: 10754, guid: 0000000000000000f000000000000000, type: 0}
  m_StaticBatchInfo:
    firstSubMesh: 0
    subMeshCount: 0
  m_StaticBatchRoot: {fileID: 0}
  m_ProbeAnchor: {fileID: 0}
  m_LightProbeVolumeOverride: {fileID: 0}
  m_ScaleInLightmap: 1
  m_PreserveUVs: 0
  m_IgnoreNormalsForChartDetection: 0
  m_ImportantGI: 0
  m_StitchLightmapSeams: 0
  m_SelectedEditorRenderState: 0
  m_MinimumChartSize: 4
  m_AutoUVMaxDistance: 0.5
  m_AutoUVMaxAngle: 89
  m_LightmapParameters: {fileID: 0}
  m_SortingLayerID: 0
  m_SortingLayer: 0
  m_SortingOrder: -1
  m_Sprite: {fileID: 21300000, guid: bfa6eef6b2556da4c8415de3cc05dbfa, type: 3}
  m_Color: {r: 0.18191527, g: 0.19576982, b: 0.5283019, a: 1}
  m_FlipX: 0
  m_FlipY: 0
  m_DrawMode: 0
  m_Size: {x: 0.16, y: 0.16}
  m_AdaptiveModeThreshold: 0.5
  m_SpriteTileMode: 0
  m_WasSpriteAssigned: 1
  m_MaskInteraction: 0
  m_SpriteSortPoint: 0
--- !u!212 &212900837664157682
SpriteRenderer:
  m_ObjectHideFlags: 1
  m_CorrespondingSourceObject: {fileID: 0}
  m_PrefabInternal: {fileID: 100100000}
  m_GameObject: {fileID: 1984311077635158}
  m_Enabled: 1
  m_CastShadows: 0
  m_ReceiveShadows: 0
  m_DynamicOccludee: 1
  m_MotionVectors: 1
  m_LightProbeUsage: 1
  m_ReflectionProbeUsage: 1
  m_RenderingLayerMask: 4294967295
  m_Materials:
  - {fileID: 10754, guid: 0000000000000000f000000000000000, type: 0}
  m_StaticBatchInfo:
    firstSubMesh: 0
    subMeshCount: 0
  m_StaticBatchRoot: {fileID: 0}
  m_ProbeAnchor: {fileID: 0}
  m_LightProbeVolumeOverride: {fileID: 0}
  m_ScaleInLightmap: 1
  m_PreserveUVs: 0
  m_IgnoreNormalsForChartDetection: 0
  m_ImportantGI: 0
  m_StitchLightmapSeams: 0
  m_SelectedEditorRenderState: 0
  m_MinimumChartSize: 4
  m_AutoUVMaxDistance: 0.5
  m_AutoUVMaxAngle: 89
  m_LightmapParameters: {fileID: 0}
  m_SortingLayerID: 0
  m_SortingLayer: 0
  m_SortingOrder: -1
  m_Sprite: {fileID: 21300000, guid: bfa6eef6b2556da4c8415de3cc05dbfa, type: 3}
  m_Color: {r: 0.18191527, g: 0.19576982, b: 0.5283019, a: 1}
  m_FlipX: 0
  m_FlipY: 0
  m_DrawMode: 0
  m_Size: {x: 0.16, y: 0.16}
  m_AdaptiveModeThreshold: 0.5
  m_SpriteTileMode: 0
  m_WasSpriteAssigned: 1
  m_MaskInteraction: 0
  m_SpriteSortPoint: 0
